1401 2369
150 134 199 170 84
581 131 930 173 Translations.

149 261 213 295 est.
271 258 365 294 Tum
385 258 494 304 cives,
515 258 616 305 quod
635 257 726 293 dura
753 257 831 304 lege
851 257 948 293 viros
967 269 1042 293 una
1069 269 1153 293 cum
1180 256 1359 293 uxoribus

148 318 302 366 sepelire
347 317 478 364 solent,
526 316 704 354 Sinonem
749 316 878 353 vivum
924 328 1007 352 cum
1053 328 1166 352 uxore
1215 318 1359 352 mortua

148 376 302 412 funibus
333 375 537 412 demittunt
567 376 608 411 in
637 379 790 423 puteum
822 375 1059 422 profundum,
1087 387 1161 422 quo
1193 375 1360 423 sepulcro

148 448 249 483 reges
277 435 379 471 illius
406 438 521 471 terrae
548 435 757 472 utebantur.
815 435 916 470 Huic
943 438 1068 470 tamen
1094 435 1140 470 ab
1166 435 1268 471 omni
1294 447 1359 483 spe

149 495 279 531 salutis
299 494 497 531 intercluso
512 495 661 530 fortuna
680 494 852 542 patefecit
870 494 949 530 iter.
1007 493 1124 530 Sinon
1139 494 1248 540 enim,
1265 494 1361 530 fame

149 554 297 601 siti-que
324 554 405 601 jam
432 554 642 598 moriturus,
672 553 823 600 vulpem
855 553 963 599 vidit,
991 565 1086 600 quae
1122 553 1361 590 cadaveribus

148 613 373 650 vescebatur.
431 613 550 659 Quam
570 625 634 660 per
651 613 731 648 vias
750 612 911 649 occultas
938 613 1004 649 diu
1032 616 1189 658 secutus,
1209 625 1362 661 parvam

149 674 291 718 rimam,
330 675 402 720 qua
438 673 517 720 ipsa
561 676 714 720 puteum
758 673 970 718 intraverat,
1007 673 1159 709 tandem
1202 673 1358 710 invenit.

149 733 244 769 Inde
265 732 395 777 Sinon,
416 736 611 779 postquam
630 734 763 779 magna
788 732 828 768 vi
854 732 957 768 nisus
984 732 1147 780 lapidem
1173 733 1362 780 ingentem

152 792 399 835 submoverat,
423 804 461 827 se
479 791 662 837 liberavit,
679 795 790 839 atque
808 791 855 827 ad
874 804 974 828 oram
992 792 1214 829 maritimam
1233 791 1358 829 evasit.

409 935 495 976 125.
533 925 618 965 lee
639 926 725 966 Old
739 926 850 965 Man
871 927 924 978 of
936 926 1001 966 tlte
1021 928 1113 967 Sea.

203 1013 322 1051 Sinon
340 1025 405 1061 per
433 1013 524 1049 litus
548 1013 713 1060 quinque
732 1013 850 1048 millia
868 1012 1042 1061 passuum
1057 1016 1223 1061 vagatus,
1239 1026 1366 1051 senem

150 1074 336 1122 quendam
351 1074 391 1109 in
405 1073 485 1120 ripa
498 1073 663 1108 fluminis
677 1073 867 1109 sedentem
881 1073 1036 1110 invenit.
1094 1074 1168 1110 Hic
1185 1073 1365 1111 Sinonem

151 1147 188 1170 se
226 1137 328 1169 trans
372 1132 511 1168 flumen
555 1132 719 1168 humeris
754 1135 1002 1180 transportare
1034 1134 1158 1180 jussit.
1232 1133 1365 1181 Itaque

152 1192 280 1237 Sinon,
302 1204 412 1239 quem
431 1192 529 1228 senis
547 1192 686 1227 infirmi
712 1192 890 1238 miseruit,
913 1204 997 1228 eum
1023 1193 1064 1228 in
1090 1192 1263 1229 humeros
1282 1194 1366 1230 sub-

151 1252 302 1298 levavit,
323 1252 372 1296 id,
393 1252 493 1299 quod
520 1252 742 1298 imperatum
761 1255 826 1298 est,
847 1252 1021 1288 facturus.
1079 1251 1202 1288 Senex
1230 1256 1364 1300 autem,

152 1311 265 1348 simul
295 1311 336 1346 in
365 1311 445 1346 loco
476 1311 630 1346 firmiter
661 1310 768 1355 sedit,
796 1311 964 1347 cruribus
994 1311 1132 1347 collum
1161 1312 1365 1359 amplexus,

154 1371 332 1408 Sinonem
368 1382 461 1406 onus
497 1370 679 1417 deponere
715 1370 917 1417 prohibuit.
973 1371 1069 1406 Tum
1107 1370 1237 1416 Sinon,
1268 1372 1368 1419 quod

154 1431 286 1466 luctari
329 1442 406 1466 non
450 1430 619 1473 audebat,
659 1441 770 1465 senex
815 1430 914 1465 enim
950 1430 1030 1466 diro
1067 1431 1242 1478 amplexu
1284 1444 1368 1467 eum

155 1489 367 1533 suffocabat,
399 1489 593 1525 dominum
623 1488 696 1524 huc
729 1489 818 1524 illuc
855 1501 919 1536 per
954 1492 1076 1525 totum
1106 1490 1204 1525 diem
1236 1490 1369 1527 vehere

156 1553 302 1585 coactus
338 1551 402 1584 est.
460 1548 538 1584 Nec
571 1560 646 1583 nox
682 1548 818 1584 laboris
849 1549 961 1584 finem
990 1549 1088 1594 fecit,
1120 1562 1234 1585 senex
1270 1550 1370 1585 enim

156 1609 269 1645 etiam
288 1608 474 1643 dormiens
501 1607 691 1654 captivum
718 1608 834 1643 artius
861 1607 1163 1655 amplectebatur.
1218 1609 1371 1645 Postero

157 1672 281 1704 tamen
300 1667 371 1711 die,
392 1667 481 1702 dum
496 1667 604 1713 jussu
623 1666 765 1702 domini
791 1679 856 1714 per
874 1667 1006 1702 silvam
1033 1667 1104 1703 iter
1130 1668 1232 1713 facit,
1252 1667 1372 1704 Sinon
1399 1670 1401 1714 j

157 1730 307 1775 repente
327 1729 437 1773 caput
455 1726 554 1761 senis
573 1726 713 1762 arboris
731 1738 842 1772 ramo,
859 1727 924 1773 qui
942 1727 1193 1774 impendebat,
1210 1728 1372 1763 maxima
1399 1768 1401 1780 Ι

145 1789 198 1823 .vi
222 1786 396 1823 admovit.
456 1785 538 1831 Quo
570 1786 647 1821 ictu
679 1786 908 1833 stupefactus
939 1798 1053 1823 senex
1083 1798 1186 1822 crura
1216 1786 1370 1830 laxavit,
1400 1788 1401 1795 ¹

158 1852 269 1895 atque
288 1846 334 1882 ad
352 1848 486 1881 terram
505 1845 750 1881 moribundus
770 1845 911 1881 cecidit.

450 1966 536 2004 126.
567 1966 680 2004 How
701 1971 739 2004 to
749 1965 848 2016 pick
872 1965 1102 2006 Cecoanuts.

210 2053 291 2089 Tali
308 2052 471 2106 periculo
489 2052 542 2088 ita
559 2052 737 2088 liberatus
757 2052 877 2089 Sinon
896 2053 986 2089 dum
1006 2065 1070 2100 per
1088 2052 1222 2090 silvam
1240 2053 1372 2102 pedem

158 2112 280 2158 refert,
309 2111 573 2148 mercatoribus
606 2112 763 2148 occurrit
799 2112 1053 2160 compluribus
1085 2113 1150 2160 qui
1182 2113 1228 2150 ad
1259 2125 1373 2150 nuces

158 2171 357 2220 carpendas
374 2171 489 2207 ibant.
547 2170 643 2207 Cum
662 2170 721 2206 his
739 2183 777 2206 se
799 2172 955 2218 jungere
975 2172 1179 2208 constituit.
1235 2173 1371 2219 Nuces,
