1401 2369
133 127 182 163 80
562 124 917 166 Translations.

359 336 375 363 1
388 336 445 375 19.
482 325 581 364 Two
600 337 676 363 can
686 323 790 375 play
809 329 857 363 at
875 322 968 363 tlzat
989 323 1128 364 Game.

183 421 267 457 Hoc
286 421 352 457 ubi
371 421 545 468 cognovit
572 421 651 456 dux
678 420 865 456 latronum
889 432 1038 456 suorum
1057 421 1348 467 callidissimum,

130 482 183 518 rei
198 481 446 528 exquirendae
465 484 582 525 causa,
605 481 652 515 ad
680 480 809 515 urbem
829 480 940 516 misit.
998 480 1072 526 Qui
1090 481 1241 528 quidem
1261 481 1352 517 dum

130 541 260 577 urbem
279 544 452 588 pererrat,
470 540 566 576 forte
594 540 751 575 occurrit
779 540 909 575 sartori
929 540 1086 586 cuidam,
1108 541 1174 588 qui
1192 554 1213 577 a
1232 541 1351 577 Balbo

127 602 264 648 jussus,
285 601 408 636 fratris
426 600 592 635 membra
611 599 766 646 disjecta
785 611 851 634 acu
873 600 1051 646 junxerat
1071 599 1219 648 (corpus
1238 602 1350 646 enim,

130 661 171 696 in
188 664 364 708 quattuor
382 663 503 707 partes
522 659 697 703 divisum,
719 658 865 706 sepeliri
884 659 982 706 leges
1001 659 1206 707 vetabant).
1264 660 1348 706 Hic,

130 721 188 757 vir
205 720 354 767 loquax,
377 732 398 755 a
416 719 560 754 latrone
587 718 721 754 callide
749 718 1007 765 interrogatus,
1039 731 1115 755 non
1142 720 1253 755 modo
1275 732 1353 755 rem

130 792 277 816 omnem
314 779 507 826 quaerenti
543 777 767 824 divulgavit,
801 777 866 813 sed
903 778 1056 814 domum
1093 779 1204 814 etiam
1242 779 1353 815 Balbi

130 839 305 876 ostendit.
361 838 457 874 Inde
484 837 589 882 latro,
611 841 808 884 postquam
836 837 932 873 fores
958 841 1055 873 creta
1082 842 1284 884 notaverat,
1306 840 1353 875 ad

130 903 279 935 antrum
311 898 446 943 rediit3
478 900 679 943 noctu-que
711 897 864 932 comites
896 896 942 932 ad
973 897 1095 933 locum
1128 898 1248 935 duxit.
1307 900 1354 935 Id

131 963 256 994 tamen
284 958 384 1005 quod
416 957 510 993 latro
543 957 679 992 fecerat
711 968 787 991 non
817 957 993 1003 effugerat
1026 956 1135 992 Balbi
1166 958 1351 1004 ancillam,

131 1031 225 1066 quae
253 1017 451 1053 consilium
478 1017 559 1063 ejus
586 1019 771 1063 suspicata
803 1016 996 1051 domorum
1023 1016 1229 1054 vicinarum
1257 1019 1354 1054 fores

132 1078 261 1114 eodem
297 1077 406 1112 modo
442 1079 644 1112 notaverat.
710 1075 890 1110 Latrones
922 1075 1046 1122 igitur,
1078 1077 1179 1124 quod
1210 1078 1354 1114 inimici

133 1138 285 1174 domum
304 1148 518 1183 cognoscere
537 1148 613 1171 non
632 1138 814 1182 poterant,
836 1135 876 1170 in
895 1135 1007 1172 silvas
1025 1136 1121 1172 irrIti
1140 1138 1337 1174 redierunt.

463 1305 477 1333 Ι
488 1304 549 1333 20.
588 1292 672 1331 The
692 1293 820 1342 Forty
845 1293 1024 1332 lez'eves.

187 1382 339 1418 Postero
371 1382 431 1417 die
464 1381 540 1417 dux
572 1380 769 1424 latronum,
800 1380 848 1415 ad
875 1380 982 1416 aedes
1015 1380 1125 1417 Balbi
1152 1382 1198 1417 ab
1227 1383 1356 1420 eodem

134 1446 271 1479 sartore
284 1442 429 1486 ductus,
443 1444 612 1476 naturam
628 1440 699 1475 loci
715 1440 831 1475 oculis
846 1441 1115 1477 accuratissime
1131 1441 1353 1480 observavit.

134 1502 232 1538 Inde
264 1501 400 1548 viginti
437 1501 568 1545 asinos,
604 1500 702 1536 vasis
735 1500 950 1546 ingentibus
984 1505 1151 1537 oneratos
1188 1503 1357 1549 paravit,

135 1574 292 1609 quorum
320 1573 436 1596 unum
470 1560 622 1608 quidem
655 1559 735 1595 oleo
764 1559 960 1606 implevit,
988 1559 1029 1594 in
1061 1561 1201 1608 reliqua
1231 1565 1356 1598 tamen

136 1620 281 1667 singula
296 1620 404 1655 binos
419 1619 564 1655 abdidit
579 1619 750 1654 latrones,
804 1618 951 1654 Deinde
964 1620 1107 1667 vesperi
1119 1625 1357 1657 mercatorem

136 1680 315 1716 simulans
343 1679 389 1714 ad
418 1679 547 1714 urbem
575 1691 657 1714 cum
686 1678 800 1713 asinis
828 1679 1013 1725 profectus
1043 1683 1107 1724 est,
1130 1683 1166 1715 et
1185 1693 1206 1716 a
1225 1681 1354 1727 Balbo,

136 1752 246 1787 quem
273 1752 339 1787 pro
368 1739 521 1774 aedibus
549 1738 736 1774 sedentem
765 1738 921 1784 invenit,
943 1738 1147 1785 hospitium
1174 1740 1247 1775 sibi
1266 1741 1356 1776 suis-

137 1812 208 1847 que
228 1800 346 1846 petiit.
403 1799 438 1834 A
457 1811 530 1845 quo
550 1798 709 1845 benigne
729 1800 899 1844 acceptus
918 1810 1005 1833 vasa
1032 1799 1155 1834 omnia
1181 1799 1221 1834 in
1248 1800 1356 1837 horto

137 1859 330 1906 disposuit,
361 1858 599 1904 comites-que
627 1858 774 1904 signum
807 1857 958 1893 silentes
991 1862 1201 1905 exspectare
1227 1859 1351 1907 jussit.

137 1920 191 1955 At
213 1918 348 1954 ancilla
375 1918 511 1961 eadem,
534 1930 637 1964 quae,
660 1917 749 1952 dum
778 1917 856 1952 dux
883 1917 1069 1953 latronum
1098 1931 1181 1954 cum
1204 1919 1355 1956 domino
1399 1918 1401 1955 ἶ

137 1991 202 2014 suo
237 1981 376 2021 coenat,
406 1977 573 2012 fraudem
607 1980 852 2023 perspexerat,
888 1977 1009 2012 oleum
1042 1990 1088 2013 ex
1120 1978 1238 2025 primo
1270 1992 1356 2015 vase
1400 1983 1401 2001 ³

137 2039 350 2082 deductum,
381 2041 491 2084 atque
519 2037 603 2082 igne
632 2040 782 2081 tostum,
805 2036 1021 2081 latronibus,
1044 2037 1108 2084 qui
1136 2038 1176 2073 in
1203 2039 1356 2086 reliquis

136 2098 234 2134 vasis
252 2097 431 2142 latebant,
452 2096 582 2143 injecit
602 2107 816 2143 omnes-que
836 2096 883 2131 ad
902 2108 1019 2132 unum
1040 2097 1242 2135 suffocavit.
