1401 2369
144 115 192 149 38
575 114 924 155 Translations.

143 235 268 271 mium.
326 235 440 271 Mane
467 247 574 270 suum
604 235 761 282 quisque
784 235 982 270 comitibus
1009 234 1194 270 somnium
1221 237 1352 270 narrat.

142 294 291 330 Primus
326 307 373 330 ex
409 294 616 330 viatoribus
662 296 714 330 sic
759 294 916 342 incipit:
964 294 1099 330 “Mihi
1135 295 1176 330 in
1214 294 1356 330 somnio

143 355 342 402 apparebat
369 367 498 402 rapum
526 355 852 401 ingentissimum3
878 355 945 390 vix
972 355 1012 390 id
1037 355 1193 391 trecenti
1211 354 1284 390 viri
1310 366 1357 389 ex

143 427 226 462 agro
242 414 449 451 trahebant.
497 414 600 450 Num
616 427 682 450 vos
697 414 840 461 aliquid
854 415 922 450 hoc
938 415 1143 451 mirabilius
1155 412 1357 451 videbatisz

143 473 242 510 Mihi
261 477 357 510 certe
377 474 581 521 praemium
601 473 790 510 debetur.⁷'

313 684 370 725 54.
403 674 441 713 Α
482 674 730 724 {Venderful
745 674 904 714 Dream
926 673 1190 726 (continued).

193 781 288 817 Tum
316 781 509 825 secundus,
539 780 768 816 “Somnium
797 781 947 827 quidem
976 782 1111 816 mirum
1138 779 1356 825 narravisti3

143 841 236 877 mihi
264 845 387 876 tamen
415 840 558 886 aliquid
585 840 792 875 mirabilius
819 841 940 876 visum
964 844 1027 877 est.
1086 841 1185 876 Nam
1208 840 1290 876 vidi
1317 840 1357 874 in

142 900 284 936 somnio
312 912 377 935 vas
404 899 714 946 ingentissimum,
745 899 843 946 quod
871 900 936 935 vix
963 900 1159 947 quingenti
1190 899 1358 935 homines

142 960 256 996 totius
285 959 372 995 anni
405 958 524 1006 spatio
556 962 785 1006 paraverant.
842 959 1033 994 Facillime
1066 971 1107 995 eo
1140 971 1226 995 vase
1257 958 1358 994 istud

142 1032 272 1067 rapum
291 1018 558 1055 continebatur.
618 1018 755 1054 Nonne
774 1018 844 1054 hoc
863 1019 1049 1054 somnium
1068 1018 1274 1054 mirabilius
1292 1018 1357 1054 illo

138 1078 371 1125 judicatis2''
423 1077 477 1113 At
491 1078 632 1122 tertius,
650 1078 714 1124 qui
732 1078 821 1114 haec
837 1078 946 1114 tacite
960 1078 1162 1124 audiverat,
1181 1081 1203 1098 ‘⁵
1216 1078 1358 1121 Certe,'⁷

141 1139 276 1186 inquit,
301 1141 320 1157 “
333 1141 488 1184 uterque
508 1141 673 1173 vestrum
698 1150 774 1173 rem
794 1138 999 1173 mirabilem
1019 1138 1191 1182 narravit,
1212 1149 1360 1185 panem-

142 1210 213 1245 que
233 1197 327 1233 bene
347 1197 491 1232 meruit.
549 1196 649 1231 Mihi
677 1200 801 1232 tamen
828 1197 972 1243 aliquid
994 1197 1127 1232 mirum
1148 1197 1271 1233 visum
1291 1200 1354 1233 est.

142 1257 241 1292 Nam
268 1257 309 1291 in
337 1268 466 1291 somno
497 1256 555 1304 (ut
582 1255 793 1303 videbatur)
828 1257 1054 1302 esuriebam5
1087 1269 1219 1303 panem
1246 1256 1359 1305 igitur

143 1316 349 1352 devoravi.'’

521 1497 539 1538 5
549 1495 580 1538 5.
620 1487 702 1527 The
721 1488 982 1539 nglztlmnse.

195 1609 243 1645 In
264 1621 304 1644 ea
323 1611 426 1656 parte
454 1608 680 1652 Britanniae,
702 1621 794 1655 quae
821 1609 868 1644 ad
908 1609 1178 1656 septentriones
1205 1614 1356 1658 spectat,

145 1671 234 1706 litus
270 1669 437 1715 undique
474 1668 630 1715 rupibus
666 1668 873 1715 asperrimis
918 1669 1136 1706 continetur.
1211 1670 1358 1707 Incolae

144 1730 268 1777 igitur,
289 1728 388 1775 quod
408 1727 461 1763 ibi
480 1727 619 1763 multae
641 1739 754 1763 naves
780 1727 1012 1774 naufragium
1031 1728 1207 1774 fecerunt,
1227 1731 1360 1766 turrim

145 1789 373 1832 altissimam,
411 1798 504 1834 quae
549 1786 686 1833 pharus
731 1787 947 1833 appellatur,
986 1788 1145 1834 quadam
1185 1789 1225 1824 in
1270 1802 1360 1837 rupe

145 1849 439 1885 aedificaverunt.
498 1846 605 1881 Hanc
625 1846 757 1881 turrim
775 1846 994 1883 habitabant
1012 1859 1122 1882 senex
1137 1850 1174 1881 et
1189 1846 1265 1883 filia
1279 1847 1359 1894 ejus

146 1920 268 1956 parva⁷
306 1907 372 1954 qui
408 1909 520 1941 noctu
556 1917 699 1952 semper
735 1905 983 1942 incendebant
1019 1906 1216 1953 lucernam,
1254 1910 1360 1955 cujus

145 1969 274 2004 lumen
305 1978 411 2013 saepe
439 1968 570 2000 nautas
597 1965 642 2000 de
675 1965 837 2011 periculo
865 1965 1134 2012 praemonebat.
1191 1967 1245 2003 At
1272 1979 1361 2003 non—

145 2039 338 2074 nunquam
365 2026 423 2062 vis
450 2025 679 2071 tempestatis
706 2024 848 2060 labores
874 2029 1070 2061 nautarum
1097 2030 1303 2073 exsuperat,
1325 2031 1360 2063 et

147 2088 254 2123 navis
282 2085 414 2121 infelix
441 2088 506 2121 aut
533 2083 602 2119 sub
630 2084 740 2119 undis
768 2097 804 2120 se
833 2086 975 2132 mergit,
1004 2087 1069 2121 aut
1095 2086 1256 2133 scopulis
1285 2098 1361 2123 cru-

147 2146 292 2183 delibus
311 2145 515 2181 afflictatur.
