1401 2369
104 109 150 144 12
534 107 886 149 Translations.

97 235 162 271 via
188 235 332 282 patebit
359 238 396 271 et
415 235 536 271 undae
556 235 786 283 superabunt
804 238 946 271 terram.
1004 235 1057 271 At
1075 247 1211 283 parvus
1230 247 1322 282 puer

100 294 204 330 videt
230 295 435 342 periculum
449 308 460 341 3
487 295 613 330 statim
642 295 773 331 dextra
799 294 931 341 implet
958 295 1088 330 rimam
1117 298 1153 331 et
1182 298 1322 331 coercet

101 366 242 401 aquam.

336 465 371 503 8.
408 462 493 502 lee
510 463 672 502 Broken
693 462 806 501 Dike
825 462 1085 513 (continued).

153 543 231 580 Diu
269 549 305 580 et
342 548 553 581 constanter
589 557 681 591 puer
721 544 891 580 servabat
927 544 1161 592 praesidium.
1234 544 1322 580 Jam

101 604 265 640 membra
309 605 489 652 rigebant,
536 607 574 640 at
619 616 732 651 parva
777 604 908 639 dextra
948 616 1091 651 semper
1135 604 1323 640 coercebat

100 676 243 710 aquam.
302 664 483 700 Postridie
503 663 681 711 agricolae
706 663 1009 710 appropinquant
1036 664 1168 700 locum.
1225 664 1324 699 Puer

100 723 258 770 frigidus
294 727 331 759 et
368 724 615 759 moribundus
652 723 784 758 dextra
827 726 952 758 tamen
998 726 1138 759 coercet
1177 736 1319 771 aquam.

102 782 279 819 Celeriter
291 783 512 819 confirmant
524 783 714 818 tumulum
727 783 836 826 saxis3
852 786 888 818 et
903 783 1061 830 implent
1076 783 1205 818 rimam
1219 783 1318 819 limo.

101 842 195 877 Tum
215 843 414 878 sublevant
432 842 596 878 humeris
609 855 764 889 puerum
776 845 1025 889 recreant-que
1038 843 1130 878 cibo.
1180 842 1323 879 Cimbri

101 914 207 948 saepe
235 902 522 938 commemorant
550 905 688 937 tantam
712 902 969 947 constantiam,
990 906 1228 950 narrant-que
1246 902 1323 939 suis

101 961 227 997 liberis
245 962 385 998 factum
404 962 518 1009 pueri.

462 1106 499 1145 9.
538 1094 577 1133 T
574 1093 623 1132 he
641 1093 805 1144 Piper's
829 1094 967 1134 Slave.

155 1176 318 1220 Carolus,
335 1188 426 1223 puer
440 1176 670 1219 inhonestus,
687 1180 763 1211 erat
782 1189 908 1211 servus
924 1176 1059 1220 Clodii,
1075 1176 1148 1212 viri
1161 1176 1318 1214 honesti.

105 1236 259 1273 Clodius
295 1239 372 1271 erat
408 1239 548 1282 peritus
576 1235 698 1270 fistula-1
731 1239 768 1270 et
804 1248 910 1282 saepe
947 1235 1153 1271 delectabat
1187 1236 1323 1272 amicos

104 1296 244 1332 canoris
264 1296 388 1340 sonis3
415 1298 453 1330 at
471 1307 563 1342 puer
581 1307 657 1329 non
676 1295 823 1330 amabat
842 1295 1016 1339 fistulam,
1038 1296 1102 1330 sed
1121 1308 1228 1342 saepe
1246 1299 1324 1331 erat

106 1353 281 1388 molestus
302 1351 463 1387 domino.
519 1351 628 1386 Forte
647 1350 813 1397 agricola,
834 1356 981 1386 vicinus
1001 1351 1135 1397 Clodii,
1157 1352 1318 1388 celebrat

107 1413 256 1460 nuptias
283 1411 392 1456 filiae,
415 1413 608 1457 vocat-que
646 1417 682 1448 et
711 1412 905 1448 dominum
933 1417 971 1447 et
999 1424 1153 1448 servum.
1214 1413 1315 1449 Cena

106 1476 181 1507 erat
201 1472 346 1518 copiosa
359 1485 369 1517 3
397 1482 522 1506 mensa
540 1470 607 1506 vix
625 1470 833 1505 sustinebat
862 1481 1035 1515 magnum
1064 1482 1208 1505 caseum
1221 1484 1231 1516 3
1258 1470 1319 1506 hic

107 1534 209 1566 erant
238 1534 316 1575 ova,
347 1530 423 1565 illic
451 1541 584 1577 poma3
619 1532 657 1564 at
686 1528 859 1575 porciilus
891 1532 1085 1575 praecipue
1112 1529 1319 1565 delectabat

108 1591 232 1626 oculos
250 1596 501 1626 convivarum.

318 1723 375 1752 10.
415 1713 499 1751 Tlcc
519 1713 683 1763 Pz'per’s
705 1713 833 1752 §lave
853 1711 1116 1764 (continued).

158 1800 348 1837 Convivae
385 1799 518 1846 cupide
556 1802 773 1846 exspectant
821 1800 946 1846 epulas
960 1814 971 1846 3
1016 1813 1102 1836 mox
1139 1802 1322 1839 cenabunt

105 1860 307 1909 splendide.
378 1860 526 1895 Interea
571 1859 719 1903 saltant,
758 1862 795 1895 et
832 1858 1006 1895 dominus
1045 1860 1165 1896 Caroli
1202 1865 1325 1897 cantat

105 1920 237 1956 fistula.
295 1919 349 1954 At
380 1931 471 1965 puer
506 1918 626 1954 avidis
654 1918 771 1954 oculis
798 1918 932 1954 lustrat
967 1931 1131 1954 mensam
1159 1922 1196 1954 et
1225 1920 1326 1956 videt

106 1980 306 2026 porculum.
382 1977 518 2025 raptim
537 1977 639 2014 tenet
658 1978 831 2025 praedam
847 1978 988 2023 dextra,
1005 1981 1041 2013 et
1055 1979 1192 2014 frustra
1206 1969 1326 2015 tentat

106 2040 239 2085 sugam.
284 2039 338 2074 At
350 2038 506 2075 Clodius
518 2042 673 2084 occupat
684 2037 892 2084 fugitivum
901 2052 911 2083 3
934 2037 1124 2084 recuperat
1136 2038 1307 2085 praedam
1315 2051 1326 2084 3

106 2098 274 2134 verberat
292 2098 423 2134 baculo
443 2101 587 2144 tergum
606 2097 695 2132 mali
715 2098 820 2134 servi.
879 2097 974 2132 Inde
993 2097 1147 2133 Carolus
1165 2101 1326 2133 maestus

106 2162 143 2193 et
158 2158 311 2205 jejunus
330 2158 395 2193 dat
414 2169 550 2204 poenas
570 2157 658 2192 mali
678 2157 775 2192 facti.
