1401 2369
126 109 174 144 44
560 105 911 148 Translations.

127 230 220 264 Tum
258 229 333 273 illa,
368 229 468 275 quod
500 230 580 275 jam
615 232 771 264 mortem
809 229 971 276 optabat,
1010 230 1058 265 acl
1094 242 1231 277 cygnos
1265 230 1345 278 ipsa

126 289 283 333 natavit,
305 288 498 335 flexit-que
517 292 628 336 caput
647 288 694 323 ad
713 289 829 324 ictum
848 292 1058 325 rostrorum.
1117 290 1169 324 At
1188 289 1345 325 attonita

127 361 231 383 suam
259 348 470 395 imaginem,
491 360 602 394 quam
630 360 725 394 aqua
752 348 943 393 reddebat,
964 349 1063 384 vidit
1077 363 1088 395 3
1114 349 1344 396 audivit-que

128 420 255 443 vocem
269 420 476 455 puerorum,
486 408 551 454 qui
563 420 724 454 cygnum
749 407 876 444 ceteris
896 407 1144 454 pulchriorem
1156 409 1245 444 laeti
1257 409 1346 444 acci-

128 468 290 515 piebant.
347 467 549 503 Anaticula
569 468 667 502 enim
687 467 806 514 turpis
826 467 972 514 gracilis
991 480 1132 515 cygnus
1151 471 1324 504 evaserat.

461 573 523 621 63.
567 571 648 609 lee
675 571 809 609 Τοῖα-ἴε
830 571 884 621 of
900 571 1014 611 Gold.

181 648 315 693 Midas,
354 661 418 684 rex
461 648 655 694 Phrygiae,
695 648 794 694 quod
840 647 929 683 olim
967 648 1113 684 Baccho
1149 648 1345 696 placuerat,

130 710 272 757 egregio
291 721 443 744 munere
463 721 483 744 a
502 708 570 743 deo
590 708 749 743 donatus
770 713 833 744 est.
895 710 915 726 “
928 708 1072 754 Delige,
1093 720 1158 743 rex
1185 708 1348 756 magne,''

130 770 254 816 inquit
282 769 383 813 deus,
417 768 492 803 “id
520 767 619 814 quod
647 767 808 802 maxime
836 768 940 814 cupis
955 780 965 812 3
997 767 1066 803 hoc
1094 767 1165 803 tibi
1191 767 1350 803 libenter

132 829 261 864 dabo.⁷'
316 829 409 863 Tum
430 828 488 863 vir
515 839 647 862 avarus
666 827 800 862 mirum
821 826 960 862 donum
981 827 1206 873 impetravit,
1227 828 1351 863 omnia

132 890 241 933 enim,
263 901 356 935 quae
384 900 450 923 suo
479 899 627 934 corpore
655 887 840 934 tangebat,
863 887 902 922 in
933 899 1062 922 aurum
1090 890 1233 923 mutata
1251 891 1347 924 sunt.

134 947 311 983 Protinus
331 960 395 982 rex
414 947 533 982 laetus
552 946 688 992 regiam
708 945 859 981 domum
887 946 1131 993 percurrebat,
1153 958 1351 993 manu-que

136 1020 230 1051 vasa,
263 1019 419 1051 mensas,
454 1006 579 1052 lectos,
619 1006 743 1041 omnia
779 1006 963 1053 tangebat.
1023 1005 1118 1041 Inde
1154 1006 1219 1042 ubi
1256 1005 1352 1041 nihil

133 1067 226 1114 ligni
257 1070 322 1102 aut
354 1066 496 1113 argenti
529 1066 568 1100 in
597 1065 751 1100 aedibus
778 1065 962 1111 manebat,
992 1065 1127 1112 gratias
1154 1078 1219 1112 pro
1246 1069 1351 1101 tanto

133 1126 311 1163 beneficio
330 1125 475 1161 Baccho
495 1124 682 1172 persolvit.
739 1124 904 1159 Tandem
923 1124 1048 1160 labore
1066 1125 1184 1161 fessus
1202 1137 1351 1161 coenam

134 1186 263 1234 poscit,
294 1185 502 1231 avidis-que
531 1184 647 1219 oculis
675 1183 787 1230 dapes
815 1183 1029 1230 splendidas
1061 1183 1202 1220 lustrat.
1260 1184 1352 1220 Mox

134 1251 258 1282 tamen
277 1245 343 1280 ubi
362 1245 501 1292 piscem
521 1244 567 1279 ad
595 1255 634 1278 os
662 1242 847 1288 admovet,
870 1243 975 1278 cibus
1002 1244 1043 1278 in
1069 1256 1199 1279 aurum
1227 1244 1352 1279 statim

134 1309 299 1342 mutatus
319 1308 397 1349 est3
425 1316 489 1339 rex
512 1303 634 1349 igitur,
657 1303 764 1349 eujus
791 1303 831 1337 in
858 1302 1028 1339 saucibus
1046 1303 1164 1350 rigida
1182 1302 1354 1339 haerebat

134 1377 263 1410 massa,
285 1364 416 1400 vinum
435 1363 578 1410 poscit3
605 1362 704 1398 idem
724 1362 859 1397 evenit.
909 1361 1075 1398 Tandem
1094 1375 1159 1398 rex
1179 1363 1351 1408 esuriens,

135 1426 234 1473 quod
262 1424 358 1460 nihil
387 1436 453 1459 nec
481 1422 624 1466 edebat,
654 1434 720 1457 nec
749 1421 902 1457 bibebat
930 1421 1182 1469 compluribus
1210 1422 1351 1467 diebus,

135 1485 308 1521 maximis
341 1482 512 1531 precibus
544 1481 732 1517 Bacchum
767 1485 855 1517 orat.
914 1480 1009 1517 Inde
1042 1493 1125 1517 cum
1158 1482 1234 1518 risu
1264 1482 1354 1518 deus

136 1546 247 1581 fatale
267 1544 407 1580 donum
426 1546 582 1578 amovet.

458 1648 523 1695 64.
558 1645 642 1684 Tlce
663 1645 886 1697 Gessipz’ng
909 1645 1039 1684 Trees.

189 1725 325 1773 Apollo
345 1725 446 1769 olim,
464 1736 596 1759 curvae
614 1723 716 1770 lyrae
735 1723 919 1767 inventor,
938 1735 1022 1758 cum
1043 1721 1176 1770 Satyro
1196 1723 1355 1770 quodam

137 1790 181 1825 de
196 1792 273 1824 arte
288 1789 353 1823 sua
368 1786 587 1822 decertabat.
645 1784 810 1820 Tandem
826 1785 921 1819 tanti
937 1785 1148 1820 certaminis
1162 1785 1355 1821 arbitrium

136 1849 244 1885 ambo
273 1848 320 1884 ad
347 1846 492 1882 Midam
519 1857 641 1892 regem
671 1844 734 1891 (de
762 1856 834 1890 quo
863 1856 973 1891 supra
1005 1844 1355 1892 demonstravimus)

136 1908 409 1945 commiserunt.
467 1905 550 1940 Rex
565 1909 699 1948 autem,
716 1904 781 1950 qui
797 1916 969 1939 numeros
984 1904 1136 1939 omnino
1151 1903 1353 1950 ignorabat,

137 1972 333 2016 postquam
365 1965 527 2002 carmina
558 1964 764 2010 utrius-que
797 1963 999 2008 audiverat,
1030 1963 1162 2010 Satyro
1196 1963 1356 2010 palmam

137 2029 248 2064 dedit.
306 2027 410 2062 Deus
438 2025 562 2073 igitur,
583 2024 651 2059 tali
678 2023 839 2059 stultitia
868 2024 995 2070 iratus,
1017 2023 1131 2070 capiti
1149 2024 1244 2070 regis
1263 2023 1357 2059 asini

136 2101 240 2124 aures
276 2087 404 2123 affixit.
477 2085 572 2120 Tum
612 2095 678 2119 rex
715 2083 892 2118 callidum
931 2083 1128 2118 consilium
1165 2083 1358 2130 concepit3

137 2148 276 2195 regium
305 2147 403 2182 enim
431 2149 617 2181 tonsorem
645 2142 786 2184 ascivit,
808 2143 914 2189 cujus
942 2144 1052 2189 opera
1070 2154 1180 2178 suum
1200 2142 1357 2178 dedecus
