1401 2369
154 131 202 167 66
584 130 932 171 Translations.

409 295 474 338 95.
503 287 616 326 How
635 293 674 325 to
686 293 762 338 get
780 286 854 325 rid
869 287 923 337 of
932 301 960 326 a
993 287 1110 337 Wz'fe.

204 372 363 409 Fulvius
389 372 552 420 quidam,
582 373 641 407 cui
668 384 761 407 uxor
787 375 863 407 erat
892 372 1067 417 difficilis,
1094 373 1195 420 quod
1221 385 1302 409 eam
1322 374 1362 410 vi

152 432 357 468 interficere
400 444 477 467 non
522 431 692 475 audebat,
731 431 899 466 fraudem
935 431 1110 467 adhibere
1156 432 1359 469 constituit.

154 491 351 528 Mulierem
369 491 482 538 igitur
496 490 543 526 ad
558 490 675 537 ripam
691 490 865 535 fluminis,
880 490 980 537 quod
996 503 1059 537 per
1072 491 1195 538 ipsum
1213 491 1364 527 hortum

152 550 301 595 fluebat,
329 550 449 586 duxit.
505 549 587 595 Quo
615 549 681 584 ubi
707 549 871 595 advenit,
912 549 1081 595 “Mihi,”
1118 550 1252 596 inquit,
1289 551 1364 586 “in

153 610 277 645 animo
304 612 359 645 est
386 622 405 644 e
432 609 511 645 vita
537 608 731 644 discedere.
788 608 845 643 Tu
884 609 1006 655 igitur,
1035 612 1079 644 ut
1111 621 1204 644 uxor
1231 609 1364 654 fidelis,

153 668 328 705 extremis
354 668 425 704 viri
452 668 638 703 mandatis
666 667 786 714 pare.'’
840 667 947 703 Uxor
974 669 1123 704 incauta
1150 668 1261 704 fidem
1288 669 1360 705 dat.

156 729 320 776 “Ergo,''
348 728 472 775 inquit
500 727 667 771 Fulvius,
701 730 867 763 “manus
894 728 988 763 mihi
1020 731 1105 775 post
1123 731 1268 775 tergum
1294 728 1364 764 hoc

153 788 243 824 fune
260 788 372 832 vinci,
401 799 546 834 me-que
572 787 613 822 in
640 787 779 822 fiumen
808 787 959 834 dejice.''
1013 787 1109 823 Tum
1128 800 1179 832 ea,
1201 787 1270 823 etsi
1289 800 1365 823 rem

154 847 297 884 credere
332 847 399 882 vix
434 847 568 894 potuit,
602 846 704 893 quod
740 847 862 882 noluit
898 846 1008 882 fidem
1055 847 1179 882 datam
1215 846 1363 891 violare,

153 918 285 942 manus
311 907 391 953 ejus
417 906 650 951 constrinxit,
681 908 718 941 et
744 906 906 941 maximo
936 906 1022 942 nisu
1054 919 1138 942 eum
1165 906 1206 941 in
1232 919 1366 953 aquam

153 965 355 1013 propellere
373 965 524 1012 paravit.
581 965 633 1000 At
653 965 808 1001 Fulvius
827 965 951 1001 subito
973 969 1077 1001 motu
1097 967 1256 1013 corporis
1275 967 1366 1013 peri-

154 1025 279 1061 culum
306 1024 426 1070 elusit,
448 1025 664 1071 mulier-que
691 1025 899 1072 improvida
923 1037 989 1060 suo
1013 1026 1155 1072 impetu
1175 1027 1214 1060 in
1233 1038 1367 1072 aquam

154 1097 324 1132 praeceps
343 1084 523 1130 dejicitur.
582 1084 677 1119 Inde
696 1085 837 1119 miseris
857 1085 1027 1131 precibus
1045 1085 1227 1120 auxilium
1246 1085 1366 1120 oranti

154 1144 344 1191 respondit
369 1143 432 1179 ille
446 1156 457 1188 3
499 1143 630 1178 “Volo
658 1144 831 1190 equidem
858 1147 895 1178 te
919 1145 1073 1190 juvare3
1114 1143 1215 1190 quod
1241 1146 1366 1178 tamen

155 1218 253 1241 meas
270 1217 401 1241 manus
419 1205 587 1249 vinxisti,
608 1205 712 1240 nullo
732 1205 841 1241 modo
861 1205 1043 1251 possum.''

504 1308 566 1358 96.
599 1309 636 1347 A
668 1309 792 1347 Stern
813 1308 1022 1357 Example.

205 1382 298 1418 Dux
333 1381 495 1428 quidam,
525 1382 590 1428 qui
626 1394 709 1416 cum
747 1381 865 1416 Gallis
901 1381 1042 1417 bellum
1077 1382 1234 1429 gerebat,
1266 1382 1367 1429 quod

155 1441 276 1478 voluit
295 1441 393 1477 cives
411 1441 457 1476 ab
476 1441 577 1476 omni
605 1441 742 1487 injuria
769 1441 974 1485 defendere,
995 1442 1124 1488 poenis
1141 1441 1366 1488 gravissimis

153 1513 240 1537 suos
261 1501 400 1548 rapinis
426 1500 654 1547 prohibebat.
711 1500 811 1536 Olim
851 1500 942 1536 dum
971 1513 1055 1537 cum
1082 1501 1216 1549 legatis
1244 1504 1361 1545 cenat,

154 1561 196 1596 in
227 1560 447 1608 praetorium
479 1559 581 1594 ducti
616 1562 704 1594 sunt
740 1563 813 1594 tres
844 1559 925 1603 viri,
959 1559 1058 1594 furto
1094 1559 1136 1594 in
1171 1559 1366 1595 manifesto

156 1619 382 1666 deprehensi.
439 1619 534 1654 Tum
561 1618 650 1662 dux,
672 1619 736 1664 qui
763 1617 1019 1664 magnitudine
1041 1631 1179 1665 poenae
1206 1618 1366 1665 reliquos

157 1679 334 1715 deterrere
353 1678 482 1722 voluit,
497 1678 612 1724 jussit
638 1678 736 1713 sures
764 1677 864 1712 illico
891 1677 937 1712 de
955 1679 1087 1724 magna
1106 1690 1253 1724 quercu,
1275 1689 1368 1724 quae

157 1750 234 1773 non
271 1737 432 1772 multum
475 1737 611 1782 aberat,
653 1736 839 1783 suspendi.
895 1735 1048 1771 Postero
1089 1736 1149 1772 die
1191 1737 1281 1771 dum
1325 1736 1366 1771 in

157 1797 288 1832 itinere
319 1807 449 1842 agmen
475 1795 597 1831 locum
626 1795 809 1841 praeterit,
838 1798 923 1830 ante
951 1795 1076 1831 oculos
1103 1795 1269 1831 omnium
1296 1796 1367 1831 tria

157 1855 341 1899 cadavera,
378 1854 529 1889 militari
566 1854 678 1900 pallio
715 1854 859 1899 vestita,
895 1867 941 1889 ex
977 1854 1104 1890 arbore
1140 1854 1361 1901 pendebant.

158 1914 240 1960 Quo
260 1913 428 1960 exemplo
451 1913 579 1957 territi,
602 1913 739 1948 milites
758 1913 797 1947 in
816 1916 1004 1959 posterum
1030 1913 1077 1949 ab
1105 1914 1207 1948 omni
1234 1926 1365 1960 genere
1400 1910 1401 1947 j

156 1973 305 2019 rapinae
323 1972 567 2008 abstinebant.
626 1972 672 2007 Id
687 1975 811 2007 tamen
829 1973 1041 2019 exemplum
1056 1972 1240 2008 salubrius
1255 1985 1362 2020 quam
1399 1994 1400 1997 =

157 2031 340 2067 crudelius
358 2032 431 2067 fuit
444 2044 454 2076 3
480 2031 559 2066 dux
578 2031 678 2065 enim
705 2031 953 2066 misericordia
979 2035 1195 2076 commotus,
1216 2043 1368 2079 suspen-
1398 2043 1401 2080 ξ

157 2091 259 2126 derat
290 2091 390 2126 haud
421 2091 518 2126 fures
550 2089 712 2136 quidem,
746 2091 810 2125 sed
839 2090 1014 2126 cadavera
1045 2090 1159 2126 trium
1191 2091 1364 2136 militum,
1400 2084 1401 2089 ¹

156 2150 222 2197 qui
239 2149 357 2197 pridie
376 2149 501 2185 morbo
522 2149 711 2195 absumpti
729 2153 844 2185 erant.
