<?xml version="1.0" encoding="UTF-8"?>
<!DOCTYPE html PUBLIC "-//W3C//DTD XHTML 1.0 Transitional//EN"
    "http://www.w3.org/TR/xhtml1/DTD/xhtml1-transitional.dtd">
<html xmlns="http://www.w3.org/1999/xhtml" xml:lang="en" lang="en">
 <head>
  <title>
</title>
<meta http-equiv="Content-Type" content="text/html;charset=utf-8" />
  <meta name='ocr-system' content='tesseract 3.04.00' />
  <meta name='ocr-capabilities' content='ocr_page ocr_carea ocr_par ocr_line ocrx_word'/>
</head>
<body>
  <div class='ocr_page' id='page_1' title='image "./gradatimeasylati00heat/gradatimeasylati00heat_0079.png"; bbox 0 0 1401 2369; ppageno 0'>
   <div class='ocr_carea' id='block_1_1' title="bbox 463 144 1248 185">
    <p class='ocr_par' dir='ltr' id='par_1_1' title="bbox 463 144 1248 185">
     <span class='ocr_line' id='line_1_1' title="bbox 463 144 1248 185; baseline -0.004 -1"><span class='ocrx_word' id='word_1_1' title='bbox 463 144 815 185; x_wconf 86' lang='lat' dir='ltr'>Translations.</span> <span class='ocrx_word' id='word_1_2' title='bbox 1201 144 1248 181; x_wconf 86' lang='grc'>67</span> 
     </span>
    </p>
   </div>
   <div class='ocr_carea' id='block_1_2' title="bbox 333 298 954 351">
    <p class='ocr_par' dir='ltr' id='par_1_2' title="bbox 333 298 954 351">
     <span class='ocr_line' id='line_1_2' title="bbox 333 298 954 351; baseline -0.005 -12"><span class='ocrx_word' id='word_1_3' title='bbox 333 309 398 351; x_wconf 89' lang='grc'>97.</span> <span class='ocrx_word' id='word_1_4' title='bbox 436 300 475 338; x_wconf 86' lang='lat' dir='ltr'><em>T</em></span> <span class='ocrx_word' id='word_1_5' title='bbox 472 299 520 339; x_wconf 69' lang='lat' dir='ltr'>lle</span> <span class='ocrx_word' id='word_1_6' title='bbox 544 298 714 340; x_wconf 79' lang='lat' dir='ltr'>Guards</span> <span class='ocrx_word' id='word_1_7' title='bbox 733 298 954 338; x_wconf 75' lang='lat' dir='ltr'>oztth&#39;tled.</span> 
     </span>
    </p>
   </div>
   <div class='ocr_carea' id='block_1_3' title="bbox 29 384 1254 1087">
    <p class='ocr_par' dir='ltr' id='par_1_3' title="bbox 29 384 1254 1087">
     <span class='ocr_line' id='line_1_3' title="bbox 85 384 1252 432; baseline -0.002 -10"><span class='ocrx_word' id='word_1_8' title='bbox 85 385 282 432; x_wconf 87' lang='lat' dir='ltr'>Henricus,</span> <span class='ocrx_word' id='word_1_9' title='bbox 296 399 361 422; x_wconf 81' lang='lat' dir='ltr'>rex</span> <span class='ocrx_word' id='word_1_10' title='bbox 382 387 657 430; x_wconf 74' lang='lat' dir='ltr'><strong>Britannorum,</strong></span> <span class='ocrx_word' id='word_1_11' title='bbox 674 386 739 432; x_wconf 89' lang='lat' dir='ltr'>qui</span> <span class='ocrx_word' id='word_1_12' title='bbox 757 398 841 421; x_wconf 87' lang='lat' dir='ltr'>cum</span> <span class='ocrx_word' id='word_1_13' title='bbox 861 385 1006 420; x_wconf 85' lang='lat' dir='ltr'>civibus</span> <span class='ocrx_word' id='word_1_14' title='bbox 1026 384 1252 421; x_wconf 81' lang='lat' dir='ltr'>turbulentis</span> 
     </span>
     <span class='ocr_line' id='line_1_4' title="bbox 32 445 1252 493; baseline 0 -13"><span class='ocrx_word' id='word_1_15' title='bbox 32 445 172 481; x_wconf 86' lang='lat' dir='ltr'>bellum</span> <span class='ocrx_word' id='word_1_16' title='bbox 204 447 366 493; x_wconf 84' lang='lat' dir='ltr'>gerebat,</span> <span class='ocrx_word' id='word_1_17' title='bbox 395 447 516 482; x_wconf 90' lang='lat' dir='ltr'>filium</span> <span class='ocrx_word' id='word_1_18' title='bbox 543 458 652 481; x_wconf 87' lang='lat' dir='ltr'>suum</span> <span class='ocrx_word' id='word_1_19' title='bbox 680 445 864 492; x_wconf 86' lang='lat' dir='ltr'>equitatui</span> <span class='ocrx_word' id='word_1_20' title='bbox 890 445 1121 492; x_wconf 86' lang='lat' dir='ltr'>praefecerat.</span> <span class='ocrx_word' id='word_1_21' title='bbox 1178 445 1252 480; x_wconf 88' lang='lat' dir='ltr'>Hic</span> 
     </span>
     <span class='ocr_line' id='line_1_5' title="bbox 32 503 1253 552; baseline -0.002 -12"><span class='ocrx_word' id='word_1_22' title='bbox 32 508 167 550; x_wconf 88' lang='lat' dir='ltr'>tamen,</span> <span class='ocrx_word' id='word_1_23' title='bbox 186 506 339 552; x_wconf 84' lang='lat' dir='ltr'>juvenis</span> <span class='ocrx_word' id='word_1_24' title='bbox 358 517 448 549; x_wconf 85' lang='lat' dir='ltr'>acer,</span> <span class='ocrx_word' id='word_1_25' title='bbox 469 505 569 552; x_wconf 87' lang='lat' dir='ltr'>quod</span> <span class='ocrx_word' id='word_1_26' title='bbox 589 504 778 551; x_wconf 88' lang='lat' dir='ltr'>equitibus</span> <span class='ocrx_word' id='word_1_27' title='bbox 804 503 969 539; x_wconf 86' lang='lat' dir='ltr'>hostium</span> <span class='ocrx_word' id='word_1_28' title='bbox 999 504 1124 539; x_wconf 82' lang='lat' dir='ltr'>effusis</span> <span class='ocrx_word' id='word_1_29' title='bbox 1143 503 1253 539; x_wconf 88' lang='lat' dir='ltr'>auda-</span> 
     </span>
     <span class='ocr_line' id='line_1_6' title="bbox 31 563 1252 611; baseline -0.002 -11"><span class='ocrx_word' id='word_1_30' title='bbox 31 564 110 600; x_wconf 90' lang='lat' dir='ltr'>cius</span> <span class='ocrx_word' id='word_1_31' title='bbox 137 565 335 610; x_wconf 85' lang='lat' dir='ltr'>institerat,</span> <span class='ocrx_word' id='word_1_32' title='bbox 356 565 508 600; x_wconf 87' lang='lat' dir='ltr'>tandem</span> <span class='ocrx_word' id='word_1_33' title='bbox 536 567 664 611; x_wconf 82' lang='lat' dir='ltr'>captus</span> <span class='ocrx_word' id='word_1_34' title='bbox 693 567 749 599; x_wconf 85' lang='lat' dir='ltr'>est</span> <span class='ocrx_word' id='word_1_35' title='bbox 775 563 822 599; x_wconf 87' lang='lat' dir='ltr'>ab</span> <span class='ocrx_word' id='word_1_36' title='bbox 842 563 1024 599; x_wconf 76' lang='lat' dir='ltr'>hostibus.</span> <span class='ocrx_word' id='word_1_37' title='bbox 1081 563 1252 598; x_wconf 89' lang='lat' dir='ltr'>Victores</span> 
     </span>
     <span class='ocr_line' id='line_1_7' title="bbox 31 622 1254 672; baseline -0.002 -12"><span class='ocrx_word' id='word_1_38' title='bbox 31 627 155 659; x_wconf 85' lang='lat' dir='ltr'>autem</span> <span class='ocrx_word' id='word_1_39' title='bbox 174 625 239 671; x_wconf 87' lang='lat' dir='ltr'>qui</span> <span class='ocrx_word' id='word_1_40' title='bbox 258 624 405 672; x_wconf 85' lang='lat' dir='ltr'>captivo</span> <span class='ocrx_word' id='word_1_41' title='bbox 425 624 602 660; x_wconf 87' lang='lat' dir='ltr'>volebant</span> <span class='ocrx_word' id='word_1_42' title='bbox 628 623 831 670; x_wconf 81' lang='lat' dir='ltr'>indulgere,</span> <span class='ocrx_word' id='word_1_43' title='bbox 852 635 936 658; x_wconf 90' lang='lat' dir='ltr'>eum</span> <span class='ocrx_word' id='word_1_44' title='bbox 965 622 1139 658; x_wconf 89' lang='lat' dir='ltr'>sinebant</span> <span class='ocrx_word' id='word_1_45' title='bbox 1166 634 1254 668; x_wconf 52' lang='lat' dir='ltr'>quom</span> 
     </span>
     <span class='ocr_line' id='line_1_8' title="bbox 31 681 1253 731; baseline -0.002 -13"><span class='ocrx_word' id='word_1_46' title='bbox 31 683 122 718; x_wconf 86' lang='lat' dir='ltr'>tidie</span> <span class='ocrx_word' id='word_1_47' title='bbox 150 696 235 719; x_wconf 89' lang='lat' dir='ltr'>cum</span> <span class='ocrx_word' id='word_1_48' title='bbox 267 684 395 731; x_wconf 86' lang='lat' dir='ltr'>paucis</span> <span class='ocrx_word' id='word_1_49' title='bbox 426 683 644 719; x_wconf 75' lang='lat' dir='ltr'>custodibus</span> <span class='ocrx_word' id='word_1_50' title='bbox 680 683 721 718; x_wconf 90' lang='lat' dir='ltr'>in</span> <span class='ocrx_word' id='word_1_51' title='bbox 753 695 847 729; x_wconf 86' lang='lat' dir='ltr'>equo</span> <span class='ocrx_word' id='word_1_52' title='bbox 880 681 978 717; x_wconf 85' lang='lat' dir='ltr'>vehi.</span> <span class='ocrx_word' id='word_1_53' title='bbox 1035 681 1253 728; x_wconf 85' lang='lat' dir='ltr'>Aliquando</span> 
     </span>
     <span class='ocr_line' id='line_1_9' title="bbox 31 741 1253 790; baseline -0.002 -12"><span class='ocrx_word' id='word_1_54' title='bbox 31 743 203 779; x_wconf 74' lang='lat' dir='ltr'>custodes</span> <span class='ocrx_word' id='word_1_55' title='bbox 222 744 331 790; x_wconf 82' lang='lat' dir='ltr'>jussu</span> <span class='ocrx_word' id='word_1_56' title='bbox 350 742 528 790; x_wconf 74' lang='lat' dir='ltr'>principis</span> <span class='ocrx_word' id='word_1_57' title='bbox 556 743 654 778; x_wconf 87' lang='lat' dir='ltr'>inter</span> <span class='ocrx_word' id='word_1_58' title='bbox 672 754 710 778; x_wconf 88' lang='lat' dir='ltr'>se</span> <span class='ocrx_word' id='word_1_59' title='bbox 729 754 837 777; x_wconf 88' lang='lat' dir='ltr'>cursu</span> <span class='ocrx_word' id='word_1_60' title='bbox 858 754 1036 788; x_wconf 86' lang='lat' dir='ltr'>equorum</span> <span class='ocrx_word' id='word_1_61' title='bbox 1056 741 1253 777; x_wconf 88' lang='lat' dir='ltr'>contende-</span> 
     </span>
     <span class='ocr_line' id='line_1_10' title="bbox 30 800 1253 849; baseline -0.002 -11"><span class='ocrx_word' id='word_1_62' title='bbox 30 803 130 838; x_wconf 87' lang='lat' dir='ltr'>bant.</span> <span class='ocrx_word' id='word_1_63' title='bbox 188 803 354 838; x_wconf 81' lang='lat' dir='ltr'>Tandem</span> <span class='ocrx_word' id='word_1_64' title='bbox 382 805 579 849; x_wconf 83' lang='lat' dir='ltr'>postquam</span> <span class='ocrx_word' id='word_1_65' title='bbox 616 802 703 848; x_wconf 82' lang='lat' dir='ltr'>equi</span> <span class='ocrx_word' id='word_1_66' title='bbox 730 801 898 836; x_wconf 87' lang='lat' dir='ltr'>omnium</span> <span class='ocrx_word' id='word_1_67' title='bbox 927 813 1036 836; x_wconf 85' lang='lat' dir='ltr'>cursu</span> <span class='ocrx_word' id='word_1_68' title='bbox 1063 804 1101 836; x_wconf 90' lang='lat' dir='ltr'>et</span> <span class='ocrx_word' id='word_1_69' title='bbox 1127 800 1253 836; x_wconf 81' lang='lat' dir='ltr'>labore</span> 
     </span>
     <span class='ocr_line' id='line_1_11' title="bbox 31 859 1254 908; baseline -0.002 -11"><span class='ocrx_word' id='word_1_70' title='bbox 31 862 191 898; x_wconf 89' lang='lat' dir='ltr'>confecti</span> <span class='ocrx_word' id='word_1_71' title='bbox 232 865 331 907; x_wconf 84' lang='lat' dir='ltr'>sunt,</span> <span class='ocrx_word' id='word_1_72' title='bbox 371 862 553 908; x_wconf 86' lang='lat' dir='ltr'>princeps,</span> <span class='ocrx_word' id='word_1_73' title='bbox 592 861 657 907; x_wconf 87' lang='lat' dir='ltr'>qui</span> <span class='ocrx_word' id='word_1_74' title='bbox 693 873 714 895; x_wconf 88' lang='lat' dir='ltr'>a</span> <span class='ocrx_word' id='word_1_75' title='bbox 750 860 950 895; x_wconf 81' lang='lat' dir='ltr'>certamine</span> <span class='ocrx_word' id='word_1_76' title='bbox 987 860 1032 895; x_wconf 88' lang='lat' dir='ltr'>de</span> <span class='ocrx_word' id='word_1_77' title='bbox 1069 859 1254 895; x_wconf 86' lang='lat' dir='ltr'>industria</span> 
     </span>
     <span class='ocr_line' id='line_1_12' title="bbox 30 919 1253 967; baseline -0.002 -10"><span class='ocrx_word' id='word_1_78' title='bbox 30 921 251 965; x_wconf 80' lang='lat' dir='ltr'>abstinebat,</span> <span class='ocrx_word' id='word_1_79' title='bbox 284 920 411 965; x_wconf 84' lang='lat' dir='ltr'>“En,&#39;&#39;</span> <span class='ocrx_word' id='word_1_80' title='bbox 449 920 585 967; x_wconf 83' lang='lat' dir='ltr'>inquit,</span> <span class='ocrx_word' id='word_1_81' title='bbox 618 919 759 955; x_wconf 86' lang='lat' dir='ltr'>“vobis</span> <span class='ocrx_word' id='word_1_82' title='bbox 787 931 927 954; x_wconf 88' lang='lat' dir='ltr'>novum</span> <span class='ocrx_word' id='word_1_83' title='bbox 956 922 1141 954; x_wconf 88' lang='lat' dir='ltr'>certamen</span> <span class='ocrx_word' id='word_1_84' title='bbox 1173 931 1253 966; x_wconf 92' lang='lat' dir='ltr'>pro-</span> 
     </span>
     <span class='ocr_line' id='line_1_13' title="bbox 30 979 1254 1027; baseline -0.002 -11"><span class='ocrx_word' id='word_1_85' title='bbox 30 981 163 1027; x_wconf 86' lang='lat' dir='ltr'>p0n0.”</span> <span class='ocrx_word' id='word_1_86' title='bbox 218 980 314 1016; x_wconf 86' lang='lat' dir='ltr'>Cum</span> <span class='ocrx_word' id='word_1_87' title='bbox 334 980 392 1015; x_wconf 88' lang='lat' dir='ltr'>his</span> <span class='ocrx_word' id='word_1_88' title='bbox 404 980 528 1015; x_wconf 85' lang='lat' dir='ltr'>verbis</span> <span class='ocrx_word' id='word_1_89' title='bbox 547 991 683 1026; x_wconf 87' lang='lat' dir='ltr'>equum</span> <span class='ocrx_word' id='word_1_90' title='bbox 712 980 898 1025; x_wconf 83' lang='lat' dir='ltr'>integrum</span> <span class='ocrx_word' id='word_1_91' title='bbox 926 979 1110 1023; x_wconf 84' lang='lat' dir='ltr'>incitavit,</span> <span class='ocrx_word' id='word_1_92' title='bbox 1131 979 1254 1014; x_wconf 87' lang='lat' dir='ltr'>celeri-</span> 
     </span>
     <span class='ocr_line' id='line_1_14' title="bbox 29 1038 1247 1087; baseline 0 -12"><span class='ocrx_word' id='word_1_93' title='bbox 29 1044 155 1087; x_wconf 83' lang='lat' dir='ltr'>terque</span> <span class='ocrx_word' id='word_1_94' title='bbox 175 1052 194 1075; x_wconf 93' lang='lat' dir='ltr'>e</span> <span class='ocrx_word' id='word_1_95' title='bbox 214 1043 415 1087; x_wconf 86' lang='lat' dir='ltr'>conspectu</span> <span class='ocrx_word' id='word_1_96' title='bbox 433 1039 598 1075; x_wconf 86' lang='lat' dir='ltr'>hostium</span> <span class='ocrx_word' id='word_1_97' title='bbox 618 1040 798 1074; x_wconf 83' lang='lat' dir='ltr'>fessorum</span> <span class='ocrx_word' id='word_1_98' title='bbox 817 1038 865 1074; x_wconf 88' lang='lat' dir='ltr'>ad</span> <span class='ocrx_word' id='word_1_99' title='bbox 883 1039 1020 1074; x_wconf 88' lang='lat' dir='ltr'>amicos</span> <span class='ocrx_word' id='word_1_100' title='bbox 1035 1041 1164 1075; x_wconf 85' lang='lat' dir='ltr'>vectus</span> <span class='ocrx_word' id='word_1_101' title='bbox 1183 1043 1247 1075; x_wconf 86' lang='lat' dir='ltr'>est.</span> 
     </span>
    </p>
   </div>
   <div class='ocr_carea' id='block_1_4' title="bbox 499 1155 774 1205">
    <p class='ocr_par' dir='ltr' id='par_1_4' title="bbox 499 1155 774 1205">
     <span class='ocr_line' id='line_1_15' title="bbox 499 1155 774 1205; baseline -0.011 -10"><span class='ocrx_word' id='word_1_102' title='bbox 499 1156 564 1205; x_wconf 83' lang='lat'>98.</span> <span class='ocrx_word' id='word_1_103' title='bbox 594 1155 632 1193; x_wconf 78' lang='lat' dir='ltr'><em>A</em></span> <span class='ocrx_word' id='word_1_104' title='bbox 659 1155 774 1193; x_wconf 73' lang='lat' dir='ltr'><em>Fonl.</em></span> 
     </span>
    </p>
   </div>
   <div class='ocr_carea' id='block_1_5' title="bbox 16 1240 1252 1949">
    <p class='ocr_par' dir='ltr' id='par_1_5' title="bbox 16 1240 1252 1949">
     <span class='ocr_line' id='line_1_16' title="bbox 16 1240 1247 1283; baseline 0.002 -7"><span class='ocrx_word' id='word_1_105' title='bbox 16 1282 19 1283; x_wconf 19' lang='lat'><em>⁷</em></span> <span class='ocrx_word' id='word_1_106' title='bbox 78 1240 269 1276; x_wconf 84' lang='lat' dir='ltr'>Romanus</span> <span class='ocrx_word' id='word_1_107' title='bbox 287 1241 378 1276; x_wconf 88' lang='lat' dir='ltr'>olim</span> <span class='ocrx_word' id='word_1_108' title='bbox 396 1253 481 1276; x_wconf 88' lang='lat' dir='ltr'>cum</span> <span class='ocrx_word' id='word_1_109' title='bbox 501 1241 647 1276; x_wconf 88' lang='lat' dir='ltr'>duobus</span> <span class='ocrx_word' id='word_1_110' title='bbox 675 1240 825 1277; x_wconf 85' lang='lat' dir='ltr'>Graecis</span> <span class='ocrx_word' id='word_1_111' title='bbox 852 1253 961 1277; x_wconf 87' lang='lat' dir='ltr'>cursu</span> <span class='ocrx_word' id='word_1_112' title='bbox 989 1242 1247 1279; x_wconf 85' lang='lat' dir='ltr'>contendebat.</span> 
     </span>
     <span class='ocr_line' id='line_1_17' title="bbox 27 1303 1247 1350; baseline 0.002 -11"><span class='ocrx_word' id='word_1_113' title='bbox 27 1303 106 1339; x_wconf 90' lang='lat' dir='ltr'>Ubi</span> <span class='ocrx_word' id='word_1_114' title='bbox 124 1303 272 1350; x_wconf 86' lang='lat' dir='ltr'>signum</span> <span class='ocrx_word' id='word_1_115' title='bbox 291 1303 420 1338; x_wconf 88' lang='lat' dir='ltr'>datum</span> <span class='ocrx_word' id='word_1_116' title='bbox 439 1306 505 1348; x_wconf 84' lang='lat' dir='ltr'>est,</span> <span class='ocrx_word' id='word_1_117' title='bbox 522 1315 649 1338; x_wconf 84' lang='lat' dir='ltr'>omnes</span> <span class='ocrx_word' id='word_1_118' title='bbox 668 1303 806 1350; x_wconf 85' lang='lat' dir='ltr'>pariter</span> <span class='ocrx_word' id='word_1_119' title='bbox 823 1316 843 1339; x_wconf 90' lang='lat' dir='ltr'>e</span> <span class='ocrx_word' id='word_1_120' title='bbox 862 1304 1067 1340; x_wconf 79' lang='lat' dir='ltr'>carceribus</span> <span class='ocrx_word' id='word_1_121' title='bbox 1087 1304 1247 1341; x_wconf 83' lang='lat' dir='ltr'>evolant.</span> 
     </span>
     <span class='ocr_line' id='line_1_18' title="bbox 25 1363 1252 1411; baseline 0.002 -13"><span class='ocrx_word' id='word_1_122' title='bbox 25 1363 119 1398; x_wconf 78' lang='lat' dir='ltr'>Mox</span> <span class='ocrx_word' id='word_1_123' title='bbox 139 1366 264 1398; x_wconf 90' lang='lat' dir='ltr'>tamen</span> <span class='ocrx_word' id='word_1_124' title='bbox 282 1375 380 1398; x_wconf 89' lang='lat' dir='ltr'>unus</span> <span class='ocrx_word' id='word_1_125' title='bbox 399 1375 418 1398; x_wconf 93' lang='lat' dir='ltr'>e</span> <span class='ocrx_word' id='word_1_126' title='bbox 438 1363 598 1407; x_wconf 82' lang='lat' dir='ltr'>Graecis,</span> <span class='ocrx_word' id='word_1_127' title='bbox 619 1364 684 1410; x_wconf 88' lang='lat' dir='ltr'>qui</span> <span class='ocrx_word' id='word_1_128' title='bbox 704 1363 889 1399; x_wconf 86' lang='lat' dir='ltr'>celeritate</span> <span class='ocrx_word' id='word_1_129' title='bbox 909 1364 1047 1411; x_wconf 88' lang='lat' dir='ltr'>pedum</span> <span class='ocrx_word' id='word_1_130' title='bbox 1067 1368 1252 1411; x_wconf 88' lang='lat' dir='ltr'>praestan-</span> 
     </span>
     <span class='ocr_line' id='line_1_19' title="bbox 24 1422 1251 1469; baseline 0.002 -12"><span class='ocrx_word' id='word_1_131' title='bbox 24 1422 97 1458; x_wconf 88' lang='lat' dir='ltr'>tior</span> <span class='ocrx_word' id='word_1_132' title='bbox 124 1422 208 1468; x_wconf 84' lang='lat' dir='ltr'>suit,</span> <span class='ocrx_word' id='word_1_133' title='bbox 230 1426 368 1458; x_wconf 86' lang='lat' dir='ltr'>ceteros</span> <span class='ocrx_word' id='word_1_134' title='bbox 394 1423 600 1469; x_wconf 84' lang='lat' dir='ltr'>superabat.</span> <span class='ocrx_word' id='word_1_135' title='bbox 659 1423 760 1458; x_wconf 85' lang='lat' dir='ltr'>Huic</span> <span class='ocrx_word' id='word_1_136' title='bbox 790 1423 937 1458; x_wconf 86' lang='lat' dir='ltr'>modico</span> <span class='ocrx_word' id='word_1_137' title='bbox 967 1423 1167 1459; x_wconf 86' lang='lat' dir='ltr'>intervallo</span> <span class='ocrx_word' id='word_1_138' title='bbox 1196 1425 1251 1460; x_wconf 88' lang='lat' dir='ltr'>in-</span> 
     </span>
     <span class='ocr_line' id='line_1_20' title="bbox 22 1481 1251 1529; baseline 0.002 -13"><span class='ocrx_word' id='word_1_139' title='bbox 22 1481 179 1517; x_wconf 86' lang='lat' dir='ltr'>sistebat</span> <span class='ocrx_word' id='word_1_140' title='bbox 210 1481 413 1526; x_wconf 85' lang='lat' dir='ltr'>Romanus,</span> <span class='ocrx_word' id='word_1_141' title='bbox 442 1494 551 1528; x_wconf 87' lang='lat' dir='ltr'>quem</span> <span class='ocrx_word' id='word_1_142' title='bbox 590 1483 764 1517; x_wconf 85' lang='lat' dir='ltr'>acerrimo</span> <span class='ocrx_word' id='word_1_143' title='bbox 802 1494 912 1518; x_wconf 87' lang='lat' dir='ltr'>cursu</span> <span class='ocrx_word' id='word_1_144' title='bbox 949 1487 1055 1529; x_wconf 81' lang='lat' dir='ltr'>urget</span> <span class='ocrx_word' id='word_1_145' title='bbox 1088 1483 1251 1519; x_wconf 85' lang='lat' dir='ltr'>Graecus</span> 
     </span>
     <span class='ocr_line' id='line_1_21' title="bbox 25 1541 1250 1590; baseline 0.003 -15"><span class='ocrx_word' id='word_1_146' title='bbox 25 1541 126 1577; x_wconf 81' lang='lat' dir='ltr'>alter.</span> <span class='ocrx_word' id='word_1_147' title='bbox 183 1541 357 1588; x_wconf 78' lang='lat' dir='ltr'>Jam-que</span> <span class='ocrx_word' id='word_1_148' title='bbox 376 1542 442 1577; x_wconf 88' lang='lat' dir='ltr'>ubi</span> <span class='ocrx_word' id='word_1_149' title='bbox 461 1542 530 1577; x_wconf 88' lang='lat' dir='ltr'>sub</span> <span class='ocrx_word' id='word_1_150' title='bbox 550 1542 674 1589; x_wconf 86' lang='lat' dir='ltr'>ipsum</span> <span class='ocrx_word' id='word_1_151' title='bbox 693 1542 805 1577; x_wconf 88' lang='lat' dir='ltr'>finem</span> <span class='ocrx_word' id='word_1_152' title='bbox 824 1543 1086 1587; x_wconf 84' lang='lat' dir='ltr'>adveniebant,</span> <span class='ocrx_word' id='word_1_153' title='bbox 1108 1543 1250 1590; x_wconf 86' lang='lat' dir='ltr'>primus</span> 
     </span>
     <span class='ocr_line' id='line_1_22' title="bbox 25 1602 1250 1651; baseline 0.002 -13"><span class='ocrx_word' id='word_1_154' title='bbox 25 1602 259 1647; x_wconf 85' lang='lat' dir='ltr'>Graecorum,</span> <span class='ocrx_word' id='word_1_155' title='bbox 281 1604 347 1650; x_wconf 87' lang='lat' dir='ltr'>qui</span> <span class='ocrx_word' id='word_1_156' title='bbox 377 1604 571 1639; x_wconf 87' lang='lat' dir='ltr'>victoriam</span> <span class='ocrx_word' id='word_1_157' title='bbox 604 1616 670 1651; x_wconf 91' lang='lat' dir='ltr'>pro</span> <span class='ocrx_word' id='word_1_158' title='bbox 700 1608 799 1640; x_wconf 85' lang='lat' dir='ltr'>certo</span> <span class='ocrx_word' id='word_1_159' title='bbox 830 1604 974 1650; x_wconf 87' lang='lat' dir='ltr'>habuit,</span> <span class='ocrx_word' id='word_1_160' title='bbox 996 1605 1121 1641; x_wconf 89' lang='lat' dir='ltr'>minus</span> <span class='ocrx_word' id='word_1_161' title='bbox 1144 1609 1250 1642; x_wconf 86' lang='lat' dir='ltr'>caute</span> 
     </span>
     <span class='ocr_line' id='line_1_23' title="bbox 24 1663 1250 1713; baseline 0.003 -15"><span class='ocrx_word' id='word_1_162' title='bbox 24 1663 205 1699; x_wconf 88' lang='lat' dir='ltr'>currebat.</span> <span class='ocrx_word' id='word_1_163' title='bbox 276 1663 348 1698; x_wconf 86' lang='lat' dir='ltr'>Ille</span> <span class='ocrx_word' id='word_1_164' title='bbox 384 1667 508 1699; x_wconf 89' lang='lat' dir='ltr'>autem</span> <span class='ocrx_word' id='word_1_165' title='bbox 545 1664 689 1700; x_wconf 73' lang='lat' dir='ltr'>lubrico</span> <span class='ocrx_word' id='word_1_166' title='bbox 726 1665 891 1711; x_wconf 84' lang='lat' dir='ltr'>gramine</span> <span class='ocrx_word' id='word_1_167' title='bbox 924 1665 1039 1701; x_wconf 83' lang='lat' dir='ltr'>falsus</span> <span class='ocrx_word' id='word_1_168' title='bbox 1076 1678 1250 1713; x_wconf 88' lang='lat' dir='ltr'>praeceps</span> 
     </span>
     <span class='ocr_line' id='line_1_24' title="bbox 23 1722 1248 1773; baseline 0.003 -16"><span class='ocrx_word' id='word_1_169' title='bbox 23 1722 174 1758; x_wconf 78' lang='lat' dir='ltr'>decidit.</span> <span class='ocrx_word' id='word_1_170' title='bbox 231 1722 327 1757; x_wconf 85' lang='lat' dir='ltr'>Tum</span> <span class='ocrx_word' id='word_1_171' title='bbox 347 1723 446 1769; x_wconf 82' lang='lat' dir='ltr'>quod</span> <span class='ocrx_word' id='word_1_172' title='bbox 466 1724 544 1770; x_wconf 86' lang='lat' dir='ltr'>ipse</span> <span class='ocrx_word' id='word_1_173' title='bbox 564 1725 769 1770; x_wconf 84' lang='lat' dir='ltr'>praemium</span> <span class='ocrx_word' id='word_1_174' title='bbox 789 1728 972 1771; x_wconf 81' lang='lat' dir='ltr'>reportare</span> <span class='ocrx_word' id='word_1_175' title='bbox 1003 1738 1080 1760; x_wconf 91' lang='lat' dir='ltr'>non</span> <span class='ocrx_word' id='word_1_176' title='bbox 1113 1727 1248 1773; x_wconf 87' lang='lat' dir='ltr'>potuit,</span> 
     </span>
     <span class='ocr_line' id='line_1_25' title="bbox 23 1782 1248 1831; baseline 0.004 -15"><span class='ocrx_word' id='word_1_177' title='bbox 23 1782 132 1817; x_wconf 85' lang='lat' dir='ltr'>amici</span> <span class='ocrx_word' id='word_1_178' title='bbox 151 1782 253 1817; x_wconf 90' lang='lat' dir='ltr'>haud</span> <span class='ocrx_word' id='word_1_179' title='bbox 272 1782 474 1827; x_wconf 85' lang='lat' dir='ltr'>immemor,</span> <span class='ocrx_word' id='word_1_180' title='bbox 496 1795 573 1818; x_wconf 89' lang='lat' dir='ltr'>sese</span> <span class='ocrx_word' id='word_1_181' title='bbox 593 1784 767 1830; x_wconf 89' lang='lat' dir='ltr'>opposuit</span> <span class='ocrx_word' id='word_1_182' title='bbox 790 1784 959 1820; x_wconf 80' lang='lat' dir='ltr'>Romano</span> <span class='ocrx_word' id='word_1_183' title='bbox 987 1787 1248 1831; x_wconf 84' lang='lat' dir='ltr'>praetereunti,</span> 
     </span>
     <span class='ocr_line' id='line_1_26' title="bbox 24 1840 1250 1891; baseline 0.004 -16"><span class='ocrx_word' id='word_1_184' title='bbox 24 1841 89 1887; x_wconf 86' lang='lat' dir='ltr'>qui</span> <span class='ocrx_word' id='word_1_185' title='bbox 116 1840 278 1876; x_wconf 74' lang='lat' dir='ltr'>invicem</span> <span class='ocrx_word' id='word_1_186' title='bbox 310 1840 358 1875; x_wconf 87' lang='lat' dir='ltr'>ad</span> <span class='ocrx_word' id='word_1_187' title='bbox 387 1845 521 1877; x_wconf 85' lang='lat' dir='ltr'>terram</span> <span class='ocrx_word' id='word_1_188' title='bbox 554 1842 774 1889; x_wconf 86' lang='lat' dir='ltr'>provolutus</span> <span class='ocrx_word' id='word_1_189' title='bbox 803 1847 867 1879; x_wconf 89' lang='lat' dir='ltr'>est.</span> <span class='ocrx_word' id='word_1_190' title='bbox 926 1844 1059 1891; x_wconf 85' lang='lat' dir='ltr'>Itaque</span> <span class='ocrx_word' id='word_1_191' title='bbox 1089 1843 1250 1880; x_wconf 88' lang='lat' dir='ltr'>Graecus</span> 
     </span>
     <span class='ocr_line' id='line_1_27' title="bbox 22 1900 864 1949; baseline 0.004 -14"><span class='ocrx_word' id='word_1_192' title='bbox 22 1900 116 1936; x_wconf 83' lang='lat' dir='ltr'>alter</span> <span class='ocrx_word' id='word_1_193' title='bbox 134 1912 223 1937; x_wconf 89' lang='lat' dir='ltr'>voce</span> <span class='ocrx_word' id='word_1_194' title='bbox 243 1900 412 1935; x_wconf 86' lang='lat' dir='ltr'>omnium</span> <span class='ocrx_word' id='word_1_195' title='bbox 433 1900 551 1936; x_wconf 82' lang='lat' dir='ltr'>victor</span> <span class='ocrx_word' id='word_1_196' title='bbox 570 1904 626 1937; x_wconf 88' lang='lat' dir='ltr'>est</span> <span class='ocrx_word' id='word_1_197' title='bbox 645 1901 864 1949; x_wconf 85' lang='lat' dir='ltr'>appellatus.</span> 
     </span>
    </p>
   </div>
   <div class='ocr_carea' id='block_1_6' title="bbox 320 2037 950 2087">
    <p class='ocr_par' dir='ltr' id='par_1_6' title="bbox 320 2037 950 2087">
     <span class='ocr_line' id='line_1_28' title="bbox 320 2037 950 2087; baseline 0.005 -13"><span class='ocrx_word' id='word_1_198' title='bbox 320 2047 385 2087; x_wconf 90' lang='grc'>99.</span> <span class='ocrx_word' id='word_1_199' title='bbox 416 2037 455 2075; x_wconf 84' lang='grc' dir='ltr'><em>Α</em></span> <span class='ocrx_word' id='word_1_200' title='bbox 481 2037 717 2087; x_wconf 76' lang='lat' dir='ltr'>Disguz&#39;sed</span> <span class='ocrx_word' id='word_1_201' title='bbox 731 2038 950 2078; x_wconf 67' lang='lat' dir='ltr'>llffonarclc.</span> 
     </span>
    </p>
   </div>
   <div class='ocr_carea' id='block_1_7' title="bbox 24 2123 1249 2228">
    <p class='ocr_par' dir='ltr' id='par_1_7' title="bbox 24 2123 1249 2228">
     <span class='ocr_line' id='line_1_29' title="bbox 76 2123 1247 2176; baseline 0.006 -18"><span class='ocrx_word' id='word_1_202' title='bbox 76 2123 248 2168; x_wconf 82' lang='lat' dir='ltr'>Jacobus,</span> <span class='ocrx_word' id='word_1_203' title='bbox 266 2136 331 2158; x_wconf 84' lang='lat' dir='ltr'>rex</span> <span class='ocrx_word' id='word_1_204' title='bbox 346 2123 552 2168; x_wconf 84' lang='lat' dir='ltr'>Scotorum,</span> <span class='ocrx_word' id='word_1_205' title='bbox 569 2124 628 2159; x_wconf 87' lang='lat' dir='ltr'>vir</span> <span class='ocrx_word' id='word_1_206' title='bbox 641 2124 766 2171; x_wconf 72' lang='lat' dir='ltr'>gloriae</span> <span class='ocrx_word' id='word_1_207' title='bbox 786 2126 959 2162; x_wconf 81' lang='lat' dir='ltr'>militaris</span> <span class='ocrx_word' id='word_1_208' title='bbox 978 2127 1121 2172; x_wconf 87' lang='lat' dir='ltr'>avidus,</span> <span class='ocrx_word' id='word_1_209' title='bbox 1139 2140 1247 2176; x_wconf 85' lang='lat' dir='ltr'>saepe</span> 
     </span>
     <span class='ocr_line' id='line_1_30' title="bbox 24 2181 1249 2228; baseline 0.005 -11"><span class='ocrx_word' id='word_1_210' title='bbox 24 2182 104 2217; x_wconf 85' lang='lat' dir='ltr'>sine</span> <span class='ocrx_word' id='word_1_211' title='bbox 131 2181 210 2218; x_wconf 89' lang='lat' dir='ltr'>ullo</span> <span class='ocrx_word' id='word_1_212' title='bbox 238 2183 372 2218; x_wconf 85' lang='lat' dir='ltr'>comite</span> <span class='ocrx_word' id='word_1_213' title='bbox 401 2182 554 2228; x_wconf 84' lang='lat' dir='ltr'>errabat,</span> <span class='ocrx_word' id='word_1_214' title='bbox 576 2186 679 2219; x_wconf 81' lang='lat' dir='ltr'>veste</span> <span class='ocrx_word' id='word_1_215' title='bbox 705 2196 792 2220; x_wconf 78' lang='lat' dir='ltr'>suae</span> <span class='ocrx_word' id='word_1_216' title='bbox 811 2185 982 2221; x_wconf 85' lang='lat' dir='ltr'>fortunae</span> <span class='ocrx_word' id='word_1_217' title='bbox 1001 2186 1175 2223; x_wconf 83' lang='lat' dir='ltr'>dissimili</span> <span class='ocrx_word' id='word_1_218' title='bbox 1194 2188 1249 2223; x_wconf 88' lang='lat' dir='ltr'>in-</span> 
     </span>
    </p>
   </div>
  </div>
 </body>
</html>
