1401 2369
147 124 194 160 98
578 124 929 166 Translations.

407 374 492 415 147.
532 365 570 403 T
566 364 615 403 lae
635 365 793 404 Attack
812 378 863 403 on
885 364 950 403 tlte
973 365 1115 406 Castle.

196 472 394 520 Spartacus
421 473 510 508 olim
546 474 719 521 princeps
757 485 883 509 earum
919 472 1098 520 gentium,
1135 485 1228 520 quae
1264 476 1366 510 trans

143 531 319 568 Rhenum
365 532 597 576 habitabant,
637 544 809 579 magnam
855 532 988 568 turrim
1034 531 1137 568 haud.
1181 532 1311 580 procul
1344 545 1367 569 a

142 591 296 627 flumine
315 591 581 628 aedificaverat.
639 591 736 627 Inde
761 604 845 627 cum
872 591 949 627 suis
977 591 1162 626 militibus
1189 591 1366 638 plurimas

142 651 372 687 incursiones
405 652 445 686 in
478 663 582 698 agros
609 651 788 687 finitimos
815 652 934 687 facere
961 651 1095 687 solitus
1123 654 1188 695 est,
1217 654 1261 686 ut
1287 651 1366 698 igni

142 711 324 757 ferro-que
344 711 467 746 omnia
487 713 658 747 vastaret.
716 711 836 757 Quam
856 711 903 746 ob
928 723 1005 746 rem
1033 722 1210 757 magnum
1237 710 1365 746 odium

142 769 348 805 incolarum
381 769 485 805 urbis
517 769 700 805 finitimae
729 773 949 817 susceperat.
1006 769 1061 805 Hi
1089 769 1214 816 igitur,
1248 782 1365 817 quum

141 829 297 875 injurias
329 828 431 864 illius
463 841 541 864 non
573 829 716 865 diutius
744 829 898 864 tolerare
928 832 1091 876 possent,
1126 829 1291 864 universi
1323 830 1365 865 in

142 900 265 923 muros
294 888 475 935 impetum
494 889 670 924 fecerunt.
727 888 809 924 Diu
837 892 873 924 et
901 889 1033 925 acriter
1060 892 1269 936 pugnatum
1296 892 1360 926 est.

141 948 305 984 Tandem
325 949 506 995 princeps,
529 949 629 995 quod
649 952 860 984 commeatu
879 949 1032 984 omnino
1052 940 1276 985 interclusus
1296 952 1362 994 est,

142 1007 280 1054 legatos
308 1008 354 1043 ad
383 1020 444 1043 eos
477 1008 522 1043 de
555 1008 746 1043 deditione
778 1008 889 1044 misit.
949 1008 1074 1054 Quum
1106 1011 1232 1044 tamen
1265 1009 1364 1046 cives

142 1067 227 1102 irati
254 1080 383 1114 pacem
411 1068 497 1103 dare
525 1068 667 1103 vellent
686 1071 727 1104 ea
754 1069 865 1104 modo
894 1068 1118 1113 conditione,
1138 1072 1182 1104 ut
1210 1069 1289 1116 ipse
1316 1069 1364 1105 ad

143 1127 369 1174 supplicium
389 1128 604 1173 traderetur,
626 1128 750 1174 ignem
770 1128 863 1164 turri
884 1128 1080 1164 admovere
1098 1128 1305 1173 constituit,
1326 1132 1363 1164 et

142 1198 219 1223 sese
238 1199 389 1234 sua-que
409 1188 533 1223 omnia
552 1187 726 1225 incendio
745 1199 970 1224 consumere.

258 1400 344 1450 148.
382 1399 466 1438 The
492 1400 648 1438 Attacle
668 1414 718 1439 on
749 1372 814 1439 ilie
838 1400 972 1440 Castle
992 1400 1255 1452 (continued).

194 1510 304 1557 Quod
324 1511 390 1546 ubi
409 1511 583 1557 cognovit
603 1523 698 1546 uxor
726 1511 904 1558 Spartaci,
925 1511 1064 1547 femina
1093 1523 1258 1547 summae
1280 1524 1362 1548 con-

141 1570 309 1613 stantiae,
340 1570 418 1605 sola
451 1570 592 1606 vallum
630 1570 824 1606 ascendere
860 1583 947 1606 ausa
979 1574 1035 1608 est
1070 1583 1155 1606 cum
1191 1571 1363 1608 hostibus

141 1630 378 1676 colloquendi
414 1632 533 1666 causa.
594 1630 791 1674 “Nolite,‘'
828 1630 963 1677 inquit,
995 1630 1131 1667 “cives
1157 1631 1361 1677 victoriam,

142 1702 254 1736 quam
273 1690 538 1736 reportavistis,
559 1690 664 1725 clade
684 1690 842 1725 feminae
862 1690 1057 1726 defamare.
1114 1690 1214 1726 Mihi
1233 1691 1363 1727 saltem

142 1749 251 1784 liceat
270 1761 289 1783 e
308 1749 400 1783 turri
420 1749 607 1784 discedere
630 1762 716 1784 cum
743 1761 785 1784 eo
814 1749 934 1794 modo,
956 1750 1057 1796 quod
1080 1750 1172 1785 meis
1199 1749 1364 1786 humeris

142 1812 286 1854 portare
318 1808 490 1855 possim.''
546 1809 644 1844 Inde
676 1809 786 1854 cives,
816 1809 917 1856 quod
945 1809 991 1844 ab
1019 1809 1083 1845 illa
1111 1809 1229 1845 multa
1255 1809 1364 1846 bene-

143 1868 226 1903 ficia
262 1872 487 1915 acceperant,
517 1868 567 1914 id,
602 1868 703 1916 quod.
739 1869 862 1916 petiit,
896 1869 1056 1905 libenter
1092 1873 1360 1906 concesserunt.
1400 1895 1401 1915 g

143 1927 255 1962 Brevi
275 1931 409 1972 autem,
427 1928 517 1963 dum
538 1941 664 1964 omnes
679 1928 885 1964 adventum
900 1930 980 1975 ejus
995 1932 1205 1976 expectant,
1222 1941 1243 1964 a
1258 1932 1365 1976 porta.
1400 1936 1401 1943 ¹

143 1987 325 2034 patefacta
345 1987 495 2034 egressa,
518 1988 658 2023 femina
676 1988 783 2023 fortis
802 1988 849 2024 ad
873 1992 992 2024 castra
1018 1989 1183 2024 hostium
1210 1989 1364 2025 accessit

144 2059 227 2081 cum
264 2048 430 2093 conjuge,
470 2059 580 2093 quem
617 2047 658 2082 in
695 2047 869 2083 humeros
905 2048 1142 2083 sublevatum
1178 2047 1360 2095 portabat.

144 2104 238 2139 Inde
267 2105 365 2141 cives
395 2105 572 2141 virtutem
600 2106 761 2141 feminae
789 2107 925 2151 mirati,
954 2106 1055 2153 quod
1087 2106 1200 2142 fidem
1237 2107 1364 2144 datam

143 2162 281 2198 violare
303 2163 515 2209 noluerunt,
540 2168 576 2199 et
596 2165 747 2211 conjugi
766 2169 804 2199 et
823 2165 930 2200 uxori
949 2170 1199 2211 pepercerunt.
