1401 2369
502 104 857 145 Translations.
1243 105 1288 140 95

317 329 498 367 PIECES
528 329 631 366 FOR
659 329 1045 368 TRANSLATION.

112 463 198 502 141.
228 451 337 502 sllay
356 464 383 489 a
402 451 513 489 Allan
535 450 584 488 do
605 449 722 488 wlzat
738 449 788 488 lae
806 449 909 488 lilees
928 450 1032 488 wille
1052 449 1119 489 lzz's
1138 464 1230 489 own
1244 451 1265 489 ,θ

124 557 316 606 Lysander
361 555 615 600 Atheniensis,
661 568 777 602 quum
823 558 941 592 cetera
986 555 1161 592 animalia
1206 556 1293 592 satis

72 617 262 665 diligebat,
278 621 360 652 tum
379 627 492 662 equos
511 627 656 651 summo
671 615 821 650 fovebat
841 627 970 652 amore.
1028 615 1068 651 Is
1086 616 1186 660 olim,
1204 616 1295 651 dum

72 677 219 713 Thebas
245 676 316 712 iter
342 675 441 720 facit,
462 675 503 710 in
529 672 712 709 Boeotum
740 673 927 720 quendam
951 675 1095 720 incidit,
1116 675 1181 722 qui
1200 687 1295 722 equo

73 749 140 773 suo
168 736 216 772 ob
243 736 366 771 nescio
394 746 505 782 quam
534 734 681 782 eulpam
708 735 804 770 male
836 735 1019 772 utebatur.
1088 734 1198 781 Quod
1229 735 1296 770 ubi

73 796 181 841 vidit,
219 795 394 843 gravibus
440 793 583 841 probris
628 797 772 830 tantam
808 794 1065 831 crudelitatem
1101 795 1296 843 increpuit.

76 860 97 875 “
111 855 211 902 Quid
230 854 381 891 tandem
408 853 449 889 id
468 852 514 888 ad
534 856 570 888 te
589 853 758 900 attinet‚'’
777 853 970 901 respondit
991 854 1064 891 ille.
1124 857 1147 873 “
1159 854 1297 892 Nonne

73 916 161 952 licet
208 914 303 951 mihi
352 925 490 961 equum
539 913 571 948 si
615 913 668 949 ita
712 913 833 960 placet
878 913 1068 950 verberare
1117 915 1296 951 meum2’'

77 975 310 1021 “Maxime‚''
344 974 470 1021 inquit
508 973 712 1020 Lysander,
745 973 880 1020 “quod
908 973 1121 1021 exemplum
1149 978 1190 1010 tu
1218 987 1298 1022 pro-

74 1036 193 1084 ponis,
209 1035 249 1071 id
268 1047 334 1082 ego
352 1033 559 1071 imitabor.''
606 1033 870 1069 Haeclocutus
884 1045 1018 1080 magno
1039 1034 1179 1079 baculo,
1198 1035 1297 1081 quod

74 1108 187 1132 manu
215 1094 396 1142 portabat,
418 1097 561 1142 tergum
589 1094 669 1140 ejus
696 1093 857 1140 graviter
885 1095 922 1129 et
949 1105 1056 1141 saepe
1075 1094 1293 1131 verberavit.

77 1156 194 1191 “Hoc
214 1155 347 1199 enim,''
366 1155 500 1201 inquit,
524 1153 735 1189 “baculum
762 1166 887 1189 meum
907 1156 970 1190 est.
1028 1153 1166 1190 Nonne
1184 1154 1298 1202 igitur

77 1216 170 1252 mihi
187 1215 275 1251 licet
293 1227 346 1260 eo,
367 1214 421 1250 ita
438 1217 481 1250 ut
500 1214 630 1262 placet,
652 1214 709 1249 uti
721 1214 733 1248 2
746 1213 764 1229 '¹

362 1407 447 1446 142.
486 1395 572 1435 Tlce
596 1395 911 1434 Good-Jzatared
925 1396 1023 1446 Boy.

131 1494 304 1539 Glaucus,
334 1506 425 1541 puer
452 1493 603 1540 ingenio
630 1493 803 1540 benigno,
830 1506 852 1529 a
880 1496 982 1541 patre
1009 1493 1143 1529 missus
1171 1496 1227 1529 est
1254 1493 1300 1528 ad

78 1566 236 1602 parvum
263 1552 454 1601 oppidum,
483 1553 583 1599 quod
611 1552 657 1588 ab
686 1565 727 1588 eo
755 1553 835 1588 loco
868 1555 951 1588 octo
979 1552 1098 1587 millia
1124 1564 1301 1599 passuum

79 1614 213 1650 aberat.
271 1612 354 1658 Cui,
384 1613 474 1648 dum
506 1613 577 1648 iter
603 1613 703 1657 facit,
733 1613 891 1648 occurrit
924 1612 1026 1647 canis
1057 1611 1153 1648 fame
1185 1625 1302 1659 paene

80 1673 282 1716 confectus,
312 1672 567 1719 dextram-que
594 1672 762 1708 lambens
790 1672 915 1707 cibum
947 1676 1070 1718 petere
1098 1671 1201 1707 visus
1235 1675 1299 1708 est.

81 1733 177 1769 Inde
214 1732 377 1768 Glaucus
413 1732 663 1768 misericordia
698 1735 834 1777 motus,
872 1731 942 1768 etsi
986 1731 1065 1779 ipse
1106 1732 1302 1777 esuriebat,

81 1805 252 1840 magnam
271 1792 330 1827 sui
348 1791 423 1827 cibi
442 1794 585 1838 partem
603 1792 686 1827 cani
706 1791 820 1828 dedit.
878 1791 1003 1838 Quum
1031 1795 1156 1827 autem
1191 1792 1305 1841 paulo

82 1853 229 1900 longius
257 1852 396 1897 ivisset,
422 1851 613 1887 hominem
641 1851 786 1899 aspexit
813 1864 972 1897 caecum,
1003 1852 1069 1899 qui
1097 1852 1138 1887 in
1166 1851 1307 1887 fiumen

83 1913 276 1960 prolapsus
307 1911 449 1947 moveri
485 1924 562 1947 non
599 1912 770 1955 audebat,
805 1925 852 1948 ne
890 1913 931 1949 in
968 1925 1101 1959 aquam
1138 1912 1308 1948 altiorem

83 1972 272 2008 incideret.
331 1971 495 2007 Glaucus
514 1971 639 2018 igitur,
661 1972 730 2007 etsi
754 1972 832 2019 ipse
851 1976 977 2008 natare
997 1984 1074 2007 non
1092 1975 1247 2019 poterat,
1269 1972 1309 2008 in

85 2044 218 2078 aquam
237 2032 363 2067 statim
383 2031 545 2076 desiluit,
567 2035 604 2067 et
632 2044 749 2078 quum
776 2032 946 2068 dextram
966 2032 1063 2068 caeci
1082 2032 1308 2078 arripuisset,

85 2103 170 2126 eum
215 2090 262 2126 ad
306 2091 424 2137 ripam
470 2090 589 2127 duxit.
659 2091 765 2136 Inde,
811 2104 927 2138 quum
973 2102 1106 2138 aquam
1152 2102 1172 2126 e
1209 2094 1311 2126 veste

85 2150 335 2198 expressisset,
357 2150 404 2186 ad
424 2149 604 2197 oppidum
624 2162 736 2197 quam
756 2151 942 2187 celerrime
961 2149 1164 2187 contendit.
