1401 2369
127 101 175 137 90
559 103 908 147 Translations.

459 292 474 319 Ι
485 292 505 331 3
513 292 547 331 3.
584 280 669 320 Tlae
691 281 824 322 Cock’s
843 282 1014 322 Advz'ce.

175 366 229 403 At
248 368 431 414 magister,
452 369 517 415 qui
536 369 660 405 omnia
678 369 881 415 audiverat,
903 369 1101 417 prudentia
1120 370 1214 406 asini
1229 370 1339 407 valde

124 425 338 472 delectatus,
355 427 470 464 risum
489 440 565 464 non
584 429 780 466 continuit.
839 429 948 475 Quod
966 429 1034 465 ubi
1052 431 1226 478 cognovit
1245 443 1340 466 uxor

123 485 214 531 ejus,
235 497 330 532 quae
348 486 449 523 haud
469 488 596 535 procul
615 488 751 533 aberat,
773 500 850 524 rem
869 489 1012 533 mirata,
1033 501 1179 525 causam
1194 501 1241 525 ex
1259 489 1341 536 ipso

123 545 316 591 quaesivit.
376 546 449 582 Hic
477 550 612 592 autem,
637 548 697 583 cui
724 560 929 584 sermonem
957 547 1175 584 animalium
1202 548 1341 584 intelli-

121 617 204 652 gere
224 617 439 642 concessum
462 610 549 652 erat,
572 610 613 643 ea
641 607 750 643 modo
778 607 1002 654 conditione,
1032 611 1075 643 ut
1102 608 1211 644 illum
1243 608 1342 644 nulli

122 665 302 712 proderet,
332 678 379 702 ne
407 666 519 702 fidem
539 667 663 702 datam
683 667 849 713 violaret,
872 667 1024 703 omnino
1044 667 1199 704 tacebat.
1258 668 1340 714 Quo

122 737 217 760 uxor
235 725 328 761 irata
346 725 426 761 viro
445 729 540 773 aqua
556 729 592 762 et
611 727 689 773 igni
708 726 915 771 interdixit,
934 727 1024 763 dum
1043 739 1119 763 rem
1139 728 1342 775 patefacere

122 784 245 821 vellet.
304 785 400 821 Inde
432 786 599 832 agricola,
635 786 700 833 qui
732 789 895 821 maestus
928 798 968 821 ac
1001 787 1156 833 jejunus
1190 787 1343 823 domum

122 844 258 879 intrare
295 857 372 880 non
408 857 519 881 ausus
539 847 607 891 est,
628 857 650 881 a
668 843 769 893 gallo
790 845 951 892 quodam
989 845 1042 880 ita
1079 846 1243 882 monitus
1275 850 1339 882 est.

125 906 147 921 “
162 903 287 940 Pudet
323 916 382 940 me
418 905 485 949 tui,
520 905 716 952 magister,
753 917 819 951 ego
852 904 962 949 enim,
998 905 1058 940 cui
1088 905 1224 952 viginti
1255 908 1343 941 sunt

123 976 265 1010 uxores,
296 976 423 1000 omnes
450 965 625 1000 facillime
645 965 765 1010 domo,
787 968 829 1000 tu
849 967 985 1009 tamen,
1007 965 1072 1011 qui
1092 977 1205 1000 unam
1232 965 1342 1001 modo

123 1023 248 1068 habes,
270 1036 350 1059 eam
370 1037 490 1072 regere
510 1037 586 1060 non
607 1024 745 1072 potes.’'
801 1023 909 1070 Quod
929 1024 994 1059 ubi
1024 1024 1145 1060 audiit
1172 1025 1339 1072 agricola,

124 1082 262 1130 pudore
290 1088 423 1128 motus,
448 1084 623 1120 baculum
651 1085 782 1132 ingens
809 1083 977 1131 arripuit,
999 1087 1036 1120 et
1054 1084 1161 1121 brevi
1189 1096 1341 1121 uxorem

125 1143 171 1179 ad
190 1144 342 1180 meliora
361 1144 515 1181 consilia
534 1145 647 1182 flexit.

367 1302 452 1342 134.
492 1292 576 1330 lee
595 1293 759 1331 Botlom
780 1291 834 1341 of
846 1290 912 1329 tlze
935 1291 1119 1330 Stream.

179 1379 355 1415 Boeotius
374 1380 535 1427 quidam,
558 1379 623 1426 qui
642 1391 707 1426 per
725 1382 859 1414 terram
884 1377 1049 1424 ignotam
1077 1377 1147 1413 iter
1172 1377 1340 1425 faciebat,

127 1440 174 1475 ad
198 1440 337 1476 fiumen
364 1443 595 1483 montanum,
618 1438 719 1486 quod
746 1438 846 1474 viam
873 1436 1155 1482 intercludebat,
1176 1437 1338 1475 advenit.

128 1500 260 1547 Itaque
279 1500 432 1536 miratus
447 1500 548 1547 quod
566 1502 670 1535 tanta
684 1498 742 1535 vis
760 1509 876 1545 aquae
895 1497 942 1532 ab
961 1500 1036 1533 una
1054 1500 1158 1544 parte
1173 1497 1343 1534 volveba-

127 1563 198 1605 tur,
219 1560 283 1595 diu
303 1561 486 1607 patienter
505 1559 733 1607 expectabat,
755 1558 846 1593 dum
865 1556 1041 1592 deflueret
1066 1557 1195 1594 amnis.
1251 1558 1344 1593 Tan-

128 1620 223 1665 dem,
253 1613 354 1667 quod
382 1620 551 1656 morandi
579 1631 661 1655 eum
691 1617 874 1661 taedebat,
895 1629 961 1652 nec
981 1617 1038 1653 vis
1058 1629 1173 1664 aquae
1192 1618 1343 1653 omnino

128 1681 375 1725 minuebatur,
419 1680 626 1728 agricolam,
661 1679 727 1726 qui
772 1678 867 1713 forte
908 1677 1089 1721 adstabat,
1128 1676 1340 1724 appellavit.

131 1741 231 1785 “Tu,
275 1741 442 1788 quaeso,'‘
484 1740 619 1787 inquit,
666 1742 787 1774 “vera
829 1736 925 1772 mihi
965 1737 1170 1785 responde:
1212 1737 1344 1772 imum·
1399 1773 1401 1780 ⁴

127 1801 173 1836 ne}
206 1801 344 1837 flumen
376 1800 524 1836 firmum
557 1800 666 1835 est2'’
723 1797 870 1833 “Nihil
904 1800 1026 1844 potest
1059 1809 1135 1832 esse
1168 1796 1344 1842 firmius,’'
1399 1800 1401 1810 '

127 1861 319 1909 respondit
363 1861 435 1897 ille.
520 1859 664 1906 Quibus
702 1858 822 1894 verbis
860 1858 1096 1894 confirmatus
1133 1856 1174 1891 in
1210 1868 1343 1903 aquam

127 1921 303 1957 Boeotius
331 1920 490 1956 desiluit.
549 1919 659 1965 Quod
686 1921 810 1953 tamen
837 1918 976 1953 flumen
1003 1916 1076 1952 fuit
1107 1915 1340 1961 altissimum,

127 1981 197 2017 sub
229 1981 341 2016 undis
372 1992 524 2024 mersus,
558 1978 721 2014 natando
758 1980 915 2013 mortem
946 1976 1013 2012 vix
1051 1974 1187 2022 effugit.
1246 1975 1342 2011 Tum

126 2042 278 2077 Boeotio
298 2041 343 2076 de
362 2040 491 2076 fraude
511 2038 691 2086 querenti,
715 2039 737 2056 “
752 2037 803 2073 Te
823 2037 954 2082 certe,⁷'
968 2034 1157 2082 respondit
1172 2034 1338 2081 agricola,

130 2101 272 2137 “irasci
290 2100 443 2136 minime
463 2098 567 2134 decet
580 2112 590 2144 ;
618 2101 660 2134 tu
679 2097 779 2133 enim
797 2097 916 2132 imum
930 2095 1079 2140 flumen,
1096 2093 1198 2141 quod
1215 2096 1341 2131 revera¹
1384 2113 1386 2116 ·

126 2161 376 2196 firmissimum
397 2162 462 2205 est,
483 2158 651 2194 nondum
671 2156 860 2204 attigisti.'’
