1401 2369
157 113 204 149 50
589 111 938 153 Translations.

154 234 358 270 admonuit.
418 235 438 253 ‘⁴
456 234 554 269 Mihi
569 234 721 281 quidem
740 235 781 270 in
799 235 923 270 animo
939 238 1005 278 est,
1022 235 1189 271 omnium
1207 248 1371 272 meorum

155 295 293 330 civium
312 293 479 329 fortunas
498 306 724 340 cognoscere.
781 294 837 329 Tu
856 294 956 329 hunc
984 294 1147 330 laborem
1175 307 1240 342 pro
1269 299 1371 342 patre

156 354 306 401 suscipe.
364 353 423 389 En
442 353 514 388 tibi
534 353 632 388 hunc
652 353 841 389 calathum
861 366 1014 389 ovorum
1032 354 1196 402 plenum,
1218 355 1372 402 hos-que

156 414 227 449 duo
247 424 359 460 equos
378 412 579 449 committo.
637 412 704 456 Tu,
722 412 812 448 dum
830 412 961 448 urbem
979 414 1189 461 perlustras,
1206 415 1240 450 ei
1259 427 1372 451 ovum

155 473 211 517 da,
232 484 474 519 quaecunque
493 484 601 507 suum
621 472 817 518 conjugem
836 472 930 519 regit
945 486 954 516 3
982 485 1062 508 eam
1080 477 1217 518 autem,
1239 486 1332 521 quae
1351 487 1372 510 a

155 534 310 580 conjuge
321 532 469 579 regitur,
484 543 578 578 equo
594 531 700 567 dona.
707 531 723 547 '’
770 532 889 568 Filius
905 533 974 568 etsi
986 545 1062 568 rem
1075 533 1280 580 intelligere
1294 546 1371 570 non

154 596 284 640 potest,
306 591 469 639 parentis
492 595 617 626 tamen
637 590 812 626 mandata
839 591 992 638 perficit.
1051 592 1130 628 Ubi
1148 592 1195 628 ad
1213 593 1371 640 primam

153 653 305 688 domum
336 651 501 695 advenit,
536 662 663 686 vocem
701 662 866 697 asperam
898 651 1044 687 audivit
1075 651 1243 697 feminae,
1277 665 1370 700 quae

152 712 199 748 ob
219 711 340 747 nescio
359 722 470 757 quam
490 722 637 744 causam
656 710 804 757 conjugi
824 710 1075 746 maledicebat.
1139 711 1238 747 Huic
1257 724 1370 748 ovum

152 771 263 808 dedit.
331 769 479 804 Deinde
507 768 658 804 alteram
687 769 838 804 domum
868 769 972 816 petit,
1001 772 1074 816 qua
1101 771 1239 817 conjux
1266 776 1370 808 extra

151 835 294 879 portam
313 828 445 872 stabat,
467 828 567 875 quod
587 840 681 864 uxor
699 840 784 864 eum
811 829 907 864 foras
935 832 1151 875 extruserat,
1174 830 1264 867 dum
1289 831 1369 879 ipsa

151 892 303 927 domum
321 889 444 925 verrit.

334 1196 396 1238 72.
435 1186 518 1226 Tlee
538 1185 694 1225 Basket
713 1187 766 1236 of
775 1186 817 1226 E
812 1200 894 1238 ggs
916 1185 1182 1239 (continued).

202 1313 294 1350 Inde
323 1313 475 1360 juvenis
503 1313 551 1348 ad
582 1312 703 1348 multa
734 1313 901 1348 aedificia
929 1314 1000 1348 iter
1027 1313 1195 1358 faciebat,
1226 1313 1367 1350 nullam

142 1367 272 1410 'tamen
287 1373 463 1408 feminam
484 1372 670 1407 mandatis
686 1372 757 1407 viri
773 1372 1009 1408 obedientem
1025 1373 1192 1408 invenire
1212 1378 1363 1420 poterat.

148 1433 303 1480 Vesperi
318 1432 384 1468 ubi
398 1445 516 1467 unum
532 1432 641 1467 modo
655 1444 768 1467 ovum
782 1432 821 1466 in
837 1431 982 1467 calatho
999 1432 1173 1468 manebat
1187 1433 1234 1468 ad
1249 1446 1367 1469 casam

145 1494 333 1540 quandam
371 1493 533 1536 advenit,
563 1492 669 1538 cujiis
707 1491 847 1526 incolae
875 1491 1067 1527 cenabant.
1126 1491 1179 1527 Hi
1207 1492 1364 1539 benigne

140 1554 317 1600 juvenem
362 1552 559 1599 accipiunt,
600 1556 821 1598 vocant—que
866 1551 914 1586 ad
961 1563 1100 1586 cenam.
1158 1551 1197 1586 Is
1239 1551 1362 1598 igitur,

145 1613 235 1648 dum
263 1612 422 1647 libenter
450 1616 565 1655 cenat,
588 1622 708 1646 mores
737 1611 933 1657 utriusque
962 1611 1163 1658 diligenter
1182 1611 1362 1655 observat,

142 1675 346 1719 laetus—que
372 1671 566 1707 mulierem
594 1670 769 1718 pudicam
796 1670 995 1717 cognoscit,
1017 1684 1110 1717 quae
1138 1683 1280 1718 semper
1303 1673 1360 1720 (ut
1399 1689 1401 1695 ¹

142 1732 307 1781 videtur)
336 1731 486 1778 conjugi
515 1733 628 1777 paret.
685 1730 781 1765 Tum
808 1730 973 1776 juvenis,
1008 1734 1029 1748 ‘⁶
1046 1731 1183 1765 Tantae
1212 1731 1360 1766 virtutis

144 1793 346 1841 praemium
374 1790 481 1826 vobis
509 1790 660 1825 reddere
688 1790 726 1824 in
756 1789 880 1824 animo
908 1793 972 1825 est.
1043 1789 1140 1825 Sunt
1168 1789 1261 1825 mihi
1288 1790 1361 1826 duo

145 1853 240 1900 equi,
262 1851 351 1887 haec
374 1850 468 1893 alba,
491 1849 555 1884 ille
584 1852 707 1884 autem
736 1849 846 1895 niger.
906 1849 964 1884 Ex
992 1848 1051 1884 his
1072 1849 1177 1884 vobis
1205 1849 1360 1884 alterum

145 1913 264 1957 dabo3
292 1914 419 1946 utrum
438 1909 669 1945 mavultis2⁷'
696 1915 704 1923 ”
727 1910 749 1926 “
765 1908 957 1955 Nigrum‚''
978 1920 1064 1944 vero
1084 1909 1275 1955 respondit
1294 1909 1359 1944 vir.

148 1976 230 2010 “At
244 1986 264 2010 ο
279 1972 497 2009 stultissime
517 1970 628 2015 tace,’‘
649 1969 832 2006 exclamat
848 1970 996 2014 femina,
1018 1972 1038 1988 “
1052 1970 1223 2017 equidem
1242 1970 1363 2006 albam

147 2047 278 2082 equam
297 2033 405 2078 malo,
422 2043 488 2067 nec
504 2031 574 2066 tibi
594 2031 634 2066 in
653 2030 722 2065 hac
742 2042 778 2065 re
799 2042 925 2077 parere
940 2029 1059 2065 volo.''
1113 2030 1166 2065 At
1186 2029 1366 2078 Princeps

146 2107 231 2130 cum
263 2095 339 2129 risu
372 2104 485 2128 ovum
516 2090 592 2126 suis
625 2089 838 2136 hospitibus
870 2089 945 2133 dat,
975 2092 1012 2124 et
1039 2088 1118 2136 ipse
1148 2101 1232 2124 cum
1261 2090 1368 2136 equis

146 2156 299 2191 domum
318 2154 364 2189 ad
384 2156 523 2200 patrem
543 2162 581 2186 se
601 2147 740 2197 recipit.
1388 2147 1389 2150 ’
