1401 2369
128 95 173 130 10
559 96 909 137 Translations.

371 274 552 311 PIECES
582 274 684 311 FOR
712 274 1096 313 TRANSLATION.

493 374 523 402 Ι.
561 363 644 402 lee
662 363 866 415 Nauglzsy
885 363 981 414 Boy.

177 439 367 484 Albertus,
401 439 559 486 ignavus
591 451 693 486 puer,
721 451 798 475 non
829 439 977 475 amabat
1007 439 1157 478 litteras.
1226 440 1343 488 Saepe

123 499 269 535 vitabat
287 511 396 534 suum
415 499 643 546 magistrum,
673 502 709 534 et
736 499 945 546 pererrabat
971 512 1082 546 agros.
1141 500 1194 536 At
1212 512 1344 536 saevus

123 563 251 595 taurus
270 559 463 595 habitabat
482 572 596 606 agros.
629 558 792 595 Demum
804 559 907 595 videt
919 572 1084 607 puerum.
1129 560 1251 596 Primo
1269 563 1344 596 stat

123 625 160 657 et
178 621 297 657 saevis
316 621 432 657 oculis
458 620 594 656 lustrat
621 620 811 657 advenam.
868 621 1047 657 Albertus
1067 625 1186 658 tentat
1204 622 1340 669 fugam.

123 681 219 717 Tum
233 685 361 716 taurus
376 681 498 716 instat.
558 680 651 716 Mox
666 680 895 728 cornigerum
910 683 1117 717 monstrum
1132 681 1343 717 vulnerabit

123 744 267 788 tergum
285 739 409 776 miseri
428 740 542 787 pueri.

510 859 544 888 2.
580 848 662 887 Tlce
682 849 812 899 Dirty
832 848 969 888 Dz‘tclc.

175 925 286 961 Forte
304 925 380 961 lata
398 925 506 970 fossa,
528 925 637 972 plena
662 925 751 961 limo
771 928 807 961 et
827 928 932 973 aqua,
952 925 1176 962 terminabat
1203 938 1339 973 agrum.

124 986 239 1022 Miser
258 997 349 1033 puer
362 985 635 1032 appropinquat
653 985 775 1021 locum
790 988 826 1021 et
842 984 977 1020 temere
993 985 1146 1021 mandat
1161 998 1198 1021 se
1213 997 1338 1032 aquae.

122 1046 231 1093 Aqua
250 1048 305 1081 est
323 1057 399 1080 non
418 1045 503 1089 alta,
524 1045 589 1080 sed
614 1045 820 1092 profundus
847 1045 960 1080 limus
988 1045 1137 1081 cohibet
1164 1045 1337 1081 membra.

121 1106 262 1141 Taurus
289 1104 394 1140 videt
425 1117 580 1152 puerum
613 1105 676 1140 sed.
709 1105 816 1140 timet
845 1105 1050 1152 periculum
1080 1117 1204 1151 aquae.
1262 1105 1341 1140 Diu

120 1165 299 1201 Albertus
318 1164 456 1208 haeret,
477 1168 513 1199 et
532 1167 659 1199 taurus
679 1166 774 1199 vana
801 1164 855 1199 ira
881 1164 1015 1199 lustrat
1034 1165 1231 1210 captivum.
1288 1164 1342 1199 At

121 1224 277 1272 agricola
321 1224 414 1259 forte
460 1224 576 1259 intrat
621 1236 757 1270 agrum.
848 1223 985 1259 Statim
1030 1235 1163 1271 magno
1208 1223 1342 1260 baculo

122 1284 295 1321 deturbat
313 1287 461 1319 taurum
480 1283 700 1328 liberat-que
714 1293 880 1328 puerum.

481 1403 512 1442 3.
552 1391 636 1430 ΤΙιε
656 1392 696 1429 R
701 1397 804 1430 otlcn
826 1392 988 1442 Apples.

173 1471 337 1518 Carfflus,
367 1472 466 1507 filius
498 1470 647 1517 impigri
679 1470 869 1517 agricolae,
890 1470 1011 1506 bonus
1044 1473 1122 1506 erat
1155 1482 1245 1518 puer
1277 1470 1341 1506 sed

119 1532 266 1568 amabat
285 1531 400 1567 malos
415 1536 559 1566 amicos.
616 1529 789 1576 Agricola
807 1530 920 1577 igitur
938 1530 1002 1566 dat
1021 1542 1134 1577 puero
1153 1530 1339 1566 calathum

119 1592 273 1641 plenum
288 1603 491 1638 pomorum.
549 1589 728 1626 Calathus
743 1590 958 1625 continebat
973 1602 1081 1637 poma
1100 1590 1209 1635 bona,
1225 1603 1341 1637 pauca

120 1656 245 1687 tamen
273 1653 377 1686 erant
405 1649 563 1697 putrida.
622 1649 721 1684 Puer
749 1652 851 1684 curat
879 1649 1020 1686 donum
1047 1649 1256 1696 diligenter,
1277 1649 1341 1685 sed.

119 1711 216 1746 mala
251 1722 360 1757 poma
391 1709 580 1745 maculant
616 1708 724 1754 bona,
760 1712 796 1744 et
827 1720 915 1745 mox
948 1712 1081 1744 cuncta
1112 1712 1201 1745 sunt
1232 1709 1336 1745 mala.

120 1769 274 1807 Carolus
327 1772 488 1804 maestus
540 1767 660 1814 plorat
705 1767 896 1803 adversa-m
941 1768 1138 1804 fortunam.
1245 1767 1339 1802 Tum

119 1828 276 1876 agricola
300 1828 352 1863 ita
371 1830 497 1862 monet
524 1827 653 1863 filium.
715 1829 736 1845 “
752 1826 853 1862 Mala
880 1839 989 1874 poma
1016 1827 1204 1863 maculant
1230 1826 1338 1871 bona,

119 1892 216 1924 certe
234 1887 324 1924 mali
342 1887 452 1923 amici
470 1887 713 1922 maculabunt
732 1886 873 1922 bonum
892 1886 1080 1934 puerum.''

498 2006 534 2043 4
576 1993 658 2032 The
678 1994 960 2034 Blackamoor.

170 2075 314 2119 Florus,
343 2074 436 2110 Afer
467 2085 567 2120 puer,
599 2076 675 2108 erat
708 2085 835 2108 servus
867 2073 954 2117 Titi,
984 2072 1193 2109 Britannici
1220 2072 1341 2108 coloni

120 2135 222 2183 (nam
241 2134 413 2169 Britanni
433 2133 522 2168 olim
537 2131 726 2167 habebant
741 2132 890 2180 servos).
939 2132 1131 2179 Augustus
1146 2134 1182 2167 et
1200 2131 1338 2174 Julius,
