1401 2369
473 106 825 148 Translations.
1214 103 1261 138 47

451 324 515 374 69.
547 323 585 361 Α
616 321 726 363 Cat’s
745 321 864 360 Paw.

99 432 232 480 Apicio
248 433 450 477 mercatori,
468 432 534 479 qui
549 431 698 479 Capuae
714 430 875 475 vivebat,
893 442 939 465 ex
954 428 1126 476 Aegypto
1146 427 1266 471 felem,

46 494 192 529 simiam
229 505 275 528 ex
312 492 433 540 Libya
479 505 565 528 suae
610 504 723 528 naves
769 492 1121 538 transportaverant.
1186 487 1269 523 Hae

48 552 201 600 quidem
249 552 389 588 bestiae
443 552 511 587 sub
566 555 664 587 tecto
718 551 930 587 mercatoris
984 548 1269 585 concordissime

47 612 239 658 vivebant,
277 612 387 659 longe
424 615 549 647 tamen
586 611 690 647 aliud
718 611 792 647 fuit
824 611 1033 657 utrius-que
1063 607 1265 655 ingenium.

47 672 131 717 Illa,
168 674 301 707 natura
337 672 485 717 tardior,
526 683 699 718 magnam
735 671 812 706 diei
856 675 999 718 partem
1040 667 1270 712 dormiebat3

46 731 148 775 haec,
169 731 331 776 alacrior,
353 730 525 766 comitem
554 730 729 765 stolidam
756 742 865 777 saepe
893 742 958 777 per
980 729 1065 776 joca
1092 726 1265 763 vexabat.

1 821 11 824 -
46 791 160 826 Forte
173 791 330 837 Apicius
346 795 534 826 castaneas
553 790 754 836 aliquando
769 790 855 836 igne
874 789 1046 825 torrebat.
1104 787 1184 823 Has
1202 785 1270 822 ubi

48 851 151 886 videt
187 851 305 895 simia,
335 850 383 886 ad
419 850 542 896 ignem
580 850 734 895 accedit,
765 849 974 896 avidis-que
1012 847 1128 883 oculis
1156 858 1269 882 nuces

48 910 229 946 observat.
286 910 366 945 Diu
393 909 519 945 haeret
548 909 710 954 incerta3
739 909 866 944 dulces
896 920 1120 955 quamquam
1146 907 1270 953 fruges

48 970 215 1005 animum
243 969 427 1013 alliciunt,
449 969 615 1004 fervidus
634 969 730 1016 ignis
750 981 770 1003 a
789 969 888 1004 furto
908 968 1078 1004 deterret.
1134 966 1269 1003 Subito

48 1041 162 1064 manu
181 1029 301 1073 felem,
323 1041 416 1075 quae
436 1032 522 1064 ante
549 1029 673 1075 ignem
701 1040 801 1063 more
828 1040 894 1063 suo
922 1027 1138 1071 dormiebat,
1160 1026 1268 1073 rapit,

50 1091 87 1124 et
122 1089 215 1136 pede
252 1089 332 1135 ejus
374 1092 563 1124 castaneas
608 1088 827 1135 singillatim
873 1100 920 1123 ex
964 1087 1049 1134 igne
1094 1086 1266 1123 detrahit.

50 1149 196 1184 Deinde
216 1149 306 1184 dum
325 1148 391 1184 illa
409 1160 544 1196 magno
562 1149 705 1196 gemitu
723 1160 848 1184 casum
864 1147 1042 1196 deplorat,
1058 1147 1139 1195 ipsa
1156 1158 1270 1182 nuces

51 1220 177 1244 secura
196 1208 356 1245 devorat.

370 1394 432 1435 70.
471 1384 554 1423 The
574 1385 709 1435 Efflct
727 1385 815 1434 osa
836 1384 942 1423 Fall.

104 1492 204 1539 Indi,
234 1493 301 1539 qui
338 1505 418 1528 oras
454 1493 565 1528 maris
598 1493 769 1528 australis
797 1492 1021 1536 incolebant,
1052 1491 1121 1527 etsi
1153 1491 1272 1527 multa

53 1555 156 1588 erant
189 1556 225 1587 et
256 1565 354 1588 nova
386 1553 561 1588 animalia
590 1553 629 1587 in
662 1553 738 1588 suis
768 1553 918 1597 finibus,
949 1564 1128 1599 equorum
1156 1564 1272 1599 genus

54 1611 222 1647 nondum
255 1615 518 1659 cognoverunt.
576 1612 630 1647 Hi
658 1613 772 1659 igitur
798 1625 914 1660 quum
942 1613 1104 1659 primum
1130 1611 1273 1647 bellum

52 1673 245 1718 gesserunt
263 1683 348 1706 cum
368 1672 559 1719 Hispanis,
582 1672 647 1719 qui
670 1685 716 1707 ex
744 1673 849 1719 equis
885 1673 1103 1719 plerumque
1136 1684 1275 1719 pugna-

53 1732 157 1776 bant,
178 1743 275 1766 novo
295 1732 502 1778 spectaculo
522 1744 633 1778 quam
652 1732 814 1767 maxime
832 1731 951 1767 territi
970 1733 1067 1768 sunt.
1125 1731 1275 1778 Equum

54 1791 155 1827 enim
188 1803 271 1826 cum
305 1803 372 1826 suo
410 1792 534 1838 equite
569 1804 689 1827 unum
725 1792 863 1827 animal
898 1792 1091 1840 putabant.
1148 1792 1275 1828 Primo

54 1852 198 1898 impetu
213 1851 309 1886 hanc
329 1851 377 1886 ob
397 1863 543 1886 causam
562 1851 608 1887 ab
627 1852 818 1899 equitibus
837 1852 1044 1899 perturbati
1057 1854 1156 1896 sunt,
1170 1852 1277 1888 brevi

56 1915 192 1955 tamen,
213 1911 313 1958 quod
333 1912 459 1958 copiae
478 1923 565 1947 suae
591 1912 711 1947 multo
739 1911 862 1959 plures
889 1914 1005 1957 erant,
1026 1911 1207 1959 proelium
1226 1924 1278 1947 re-

55 1972 255 2008 novabant.
313 1971 485 2017 Denique
509 1971 662 2018 quidam
689 1984 736 2007 ex
765 1972 957 2019 Hispanis,
978 1973 1085 2018 cujus
1114 1983 1232 2018 equus
1258 1984 1279 2007 a

55 2031 246 2067 funditore
264 2031 482 2066 vulneratus
501 2033 567 2075 est,
588 2043 698 2078 super
716 2034 828 2078 caput
847 2031 1018 2067 animalis
1045 2032 1182 2068 effusus
1211 2035 1274 2069 est.

55 2090 95 2126 Is
113 2090 228 2137 igitur
255 2090 366 2137 pedes
394 2090 595 2137 pugnabat.
651 2090 705 2126 At
733 2090 832 2136 Indi,
854 2091 920 2126 ubi
949 2103 996 2126 ex
1023 2102 1098 2126 uno
1126 2090 1280 2127 animali

58 2149 150 2184 duos
169 2149 294 2185 hostes
312 2149 500 2193 viderunt,
521 2150 708 2197 perterriti
728 2153 830 2197 terga
848 2152 1049 2186 verterunt.
