1401 2369
132 94 179 129 32
563 92 914 134 Translations.

498 243 563 292 46.
604 243 689 283 Tlce
707 243 822 282 Pz'ed
836 244 974 294 Piper.

184 329 433 376 Hamelinam,
467 330 596 366 urbem
629 330 925 377 pulcherrimam,
959 332 1118 368 vexabat
1150 331 1239 368 olim
1272 331 1350 367 dira

130 390 245 437 pestis
258 403 269 435 3
297 390 459 425 murium
486 390 586 426 enim
614 391 897 426 innumerabilis
924 391 1126 427 multitudo
1145 404 1222 427 non
1240 391 1350 427 modo

130 450 254 485 omnia
273 450 483 494 devorabat,
505 451 568 485 sed
588 450 698 485 etiam
724 450 897 494 infantes
918 451 1008 486 dum
1027 452 1154 498 jacent
1172 452 1212 487 in
1231 451 1348 495 cunis,

130 509 378 556 oppugnabat.
437 509 587 544 lncolae
615 509 739 544 omnia
767 510 922 545 consilia
940 510 1075 546 frustra
1093 513 1349 553 tentaverant;

130 568 291 614 denique
310 580 486 614 magnum
514 568 660 615 pondiis
679 569 820 615 argenti
843 574 1057 616 proponunt
1075 570 1190 606 totius
1208 569 1350 617 generis

130 628 237 663 exitii
256 628 425 674 pretium.
483 627 565 662 Hoc
585 628 665 674 ipso
684 631 847 675 tempore
862 629 929 675 vir,
947 630 1045 676 picta
1060 633 1162 665 veste
1180 629 1346 677 insignis,

129 688 286 723 intravit
330 687 471 732 urbem,
510 687 760 734 laborem—que
805 689 968 735 suscipit.
1045 689 1181 725 Statim
1217 701 1349 736 magna

130 750 275 783 caterva
294 760 378 782 eum
397 747 444 782 ad
464 747 585 782 forum
600 747 761 783 deducit.
819 748 904 783 Huc
923 748 989 784 ubi
1008 749 1179 795 pervenit
1193 748 1345 793 advena,

130 820 175 843 ex
194 807 280 842 sinu
299 807 432 842 tibiam
459 819 610 853 parvam
639 806 809 852 detrahit,
832 819 1052 854 paucos-que
1080 808 1209 844 modos
1227 808 1343 855 fingit.

128 867 207 902 Vix
234 867 273 901 id
302 879 448 902 carmen
476 870 690 910 cessaverat,
716 867 783 901 ubi
810 867 945 902 mirum
972 867 1182 914 prodigium
1210 869 1344 914 evenit,

130 927 294 974 undique
310 927 409 961 enim
425 926 471 962 ad
486 939 616 962 sonum
633 927 775 972 ingenti
790 929 828 962 tu
835 927 955 962 multu
974 939 1096 963 mures
1111 931 1343 964 concurrunt.

129 987 254 1022 Primo
274 987 493 1030 consistunt,
515 985 649 1021 deinde
670 998 807 1030 omneS,
828 986 914 1031 albi,
935 986 1041 1033 nigri,
1058 999 1171 1031 senes,
1187 988 1347 1034 juvenes

127 1046 174 1082 ad
193 1046 321 1081 modos
340 1045 453 1080 tibiae
480 1044 626 1082 saltant.
684 1044 875 1081 Postremo
894 1057 968 1081 uno
987 1046 1129 1093 impetu
1148 1046 1188 1081 in
1207 1045 1346 1082 fiumen

127 1117 147 1141 e
165 1107 365 1152 conspectu
383 1104 571 1140 desiliunt.

358 1240 421 1280 47.
460 1230 546 1270 The
563 1232 677 1270 Pied
691 1232 823 1282 Piper
844 1231 1105 1284 (continued).

178 1317 304 1353 Primo
333 1317 430 1353 cives
458 1330 534 1353 rem
562 1319 627 1353 vix
648 1319 826 1364 credunt3
854 1318 989 1354 deinde
1016 1318 1178 1354 laetitiae
1200 1319 1345 1365 ingenti

126 1390 164 1414 se
182 1378 334 1414 dedunt.
391 1377 565 1424 Jam-que
577 1378 716 1414 tibicen
729 1379 787 1413 sui
800 1378 935 1414 laboris
950 1379 1152 1425 praemium
1168 1378 1341 1425 postulat.

126 1438 179 1474 At
204 1438 313 1482 cives,
339 1438 418 1484 jam
446 1437 601 1484 periculi
629 1442 806 1484 expertes,
829 1437 940 1473 fidem
969 1437 1104 1484 ingrati
1134 1437 1287 1482 violant,
1309 1441 1345 1473 et

126 1510 295 1544 magnam
328 1500 471 1543 partem
504 1497 646 1543 argenti
674 1498 845 1533 retinent.
903 1497 1036 1543 Itaque
1063 1497 1179 1532 iratus
1210 1497 1343 1532 iterum

126 1557 256 1592 tibiam
269 1557 431 1603 corripit,
448 1556 691 1603 alterum-que
706 1569 850 1592 carmen
866 1557 986 1604 priore
1001 1556 1193 1603 pulchrius
1207 1556 1342 1592 fundit.

126 1616 302 1651 Protinus
322 1628 368 1650 ex
388 1615 561 1650 omnibus
581 1615 752 1650 domibus
772 1628 903 1662 magna
923 1628 1120 1662 puerorum
1145 1615 1344 1662 virginum-

126 1688 197 1723 que
225 1678 370 1710 caterva
388 1675 510 1709 virum
539 1675 663 1721 cingit.
722 1675 816 1709 Inde
844 1670 994 1719 tibicen,
1016 1674 1106 1709 dum
1133 1674 1189 1709 illi
1217 1674 1345 1710 choros

125 1734 344 1770 laetissimos
363 1736 488 1779 agunt,
511 1745 637 1768 omnes
657 1733 703 1768 ad
722 1734 973 1779 propinquum
1001 1736 1161 1768 montem
1182 1732 1339 1769 deducit.

125 1794 221 1829 Tum
253 1792 376 1828 miseri
408 1796 578 1838 parentes
609 1804 685 1826 rem
723 1792 925 1827 terribilem
962 1792 1115 1837 vident3
1150 1804 1235 1827 nam
1266 1792 1345 1838 ipse

126 1853 284 1888 dehiscit
302 1863 409 1887 mons
429 1854 466 1886 et
484 1851 663 1886 immenso
683 1851 789 1886 hiatu
809 1855 925 1886 totam
944 1863 1097 1887 manum
1116 1851 1258 1899 accipit.

458 1979 523 2028 48.
558 1978 721 2030 Cauglzt
740 1979 788 2028 by
809 1979 875 2018 tlze
900 1979 1010 2018 Tz‘de.

177 2066 370 2110 Canutius,
409 2065 605 2101 Icenorum
645 2077 721 2110 rex,
761 2065 870 2112 longe
907 2064 1111 2111 sapientior
1146 2067 1223 2100 erat
1261 2064 1345 2100 aliis

124 2125 278 2173 regibus.
338 2124 464 2171 Hujus
491 2125 580 2160 olim
600 2136 685 2171 opes
705 2127 742 2159 et
760 2124 1017 2160 auctoritatem
1045 2136 1142 2159 unus
1161 2136 1208 2159 ex
1226 2136 1342 2160 assen-
