1401 2369
114 119 162 154 60
543 117 894 159 Translations.

449 346 511 385 87.
542 345 580 383 A
606 345 856 395 Promising
873 345 1012 395 Pupil.

168 452 338 488 Medicus
357 452 507 499 quidam
526 453 718 499 gloriosus,
739 452 804 499 qui
826 452 988 488 maxima
1015 456 1230 500 paupertate
1257 464 1334 500 pre-

115 512 296 555 mebatur,
326 513 494 547 omnium
526 513 669 547 animos
706 512 746 546 in
783 524 820 547 se
854 515 1066 548 convertere
1098 513 1227 549 voluit.
1296 512 1335 547 Is

115 571 229 618 igitur
256 571 346 606 dum
374 584 439 618 per
466 572 594 606 urbem
623 571 751 606 album
779 572 925 606 asinum
953 572 1067 615 ducit,
1088 575 1220 619 magna
1247 583 1336 607 voce

116 631 340 674 clamitabat,
378 631 525 666 “Hunc
559 643 670 677 quem
700 631 836 666 videtis
869 631 1026 675 asinum,
1058 631 1166 676 cives,
1195 631 1337 666 litteras

120 690 273 725 Latinas
310 690 438 725 docere
476 689 662 736 possum.''
717 689 811 724 Tum
850 701 924 732 rex,
962 689 1021 724 cui
1053 689 1091 724 id
1124 689 1338 724 nuntiatum

120 754 185 795 est,
208 754 405 796 postquam
433 749 621 785 hominem
649 749 696 784 ad
724 761 762 784 se
790 749 989 792 arcessivit,
1011 761 1095 784 eum
1116 761 1192 784 rem
1212 748 1338 784 statim

118 809 288 857 perficere
320 808 441 855 jussit.
501 808 540 843 Is
577 821 662 844 vero
697 821 844 855 operam
881 808 1041 844 libenter
1077 809 1242 856 suscipit,
1276 809 1340 845 sed

119 880 257 904 moram
290 868 416 902 decem
449 879 630 902 annorum
663 867 835 914 postulat.
893 867 1044 902 Postero
1078 867 1136 903 die
1169 880 1266 903 unus
1294 880 1340 903 ex

119 929 244 965 amicis
272 929 458 964 medicum
486 929 538 963 ita
565 929 760 963 admonuit
774 941 783 972 3
814 928 960 975 “Fuge‚
992 941 1012 963 o
1040 928 1270 973 stultissime,
1294 941 1340 964 ex

117 989 186 1024 hac
226 989 382 1035 regione,
422 991 465 1023 tu
506 987 605 1022 enim
643 987 775 1034 capitis
819 991 916 1022 certe
956 987 1198 1031 damnaberis,
1238 987 1341 1034 quod

118 1061 206 1093 rem,
236 1060 329 1095 quae
361 1047 441 1082 fieri
466 1059 542 1082 non
570 1050 703 1093 potest,
733 1046 963 1093 suscepistis
1017 1046 1072 1082 At
1098 1046 1173 1091 ille,
1206 1047 1340 1083 “Bono

119 1121 158 1144 es
176 1108 309 1152 animo,
340 1106 454 1141 amice
467 1120 477 1152 3
514 1118 601 1143 nam
630 1106 756 1142 decem
783 1106 892 1142 annis
911 1110 975 1142 aut
1002 1118 1067 1153 ego
1095 1110 1159 1141 aut
1187 1118 1251 1142 rex
1277 1109 1341 1142 aut

120 1168 245 1204 asinus
265 1166 542 1202 occiderimus?

436 1396 498 1435 88.
537 1395 575 1434 T
573 1395 621 1435 lae
644 1395 864 1436 Saracen’s
885 1396 1019 1436 Head.

172 1503 340 1547 Ricardo,
375 1503 643 1539 Britannorum
675 1504 762 1550 regi,
795 1516 871 1539 non
903 1503 1012 1539 modo
1046 1515 1107 1539 cor
1137 1503 1201 1539 sed
1231 1502 1342 1540 etiam

118 1566 250 1599 venter
278 1567 354 1598 erat
381 1563 511 1606 leonis,
532 1563 563 1598 si
590 1563 631 1598 id
658 1575 787 1598 verum
815 1567 871 1598 est
898 1563 999 1609 quod
1027 1562 1218 1599 Sarraceni
1236 1563 1282 1599 de
1302 1575 1344 1599 eo

118 1622 292 1658 referunt.
363 1622 402 1658 Is
434 1623 533 1657 enim
565 1625 775 1669 post-quam
807 1623 923 1657 totius
955 1621 1030 1657 diei
1065 1623 1228 1669 spatium
1260 1634 1344 1658 cum

118 1680 290 1717 hostibus
327 1685 566 1728 pugnaverat,
609 1681 761 1716 tandem
802 1681 921 1716 sessus
958 1681 1084 1716 cibum
1125 1681 1341 1728 postulavit.

119 1741 215 1776 Tum
243 1740 350 1784 servi,
371 1740 472 1787 quod
499 1741 597 1776 nihil
625 1741 700 1776 cibi
721 1741 802 1787 jam
829 1740 1016 1787 reliquum
1047 1744 1133 1786 erat,
1155 1752 1223 1775 nec
1250 1740 1345 1786 regis

119 1800 297 1836 mandata
327 1800 529 1835 detrectare
565 1800 763 1845 audebant,
795 1813 840 1835 ex
872 1800 1029 1847 captivis
1058 1800 1345 1846 pinguissimum

121 1863 310 1904 coxerunt,
340 1859 538 1906 dapes-que
569 1872 694 1903 novas,
729 1859 809 1894 loco
842 1859 932 1905 apri,
967 1859 1062 1894 fesso
1094 1862 1345 1905 apposuerunt

122 1919 283 1955 domino.
340 1918 436 1953 Inde
456 1930 532 1963 rex,
554 1919 620 1965 qui
639 1918 721 1953 cibo
749 1930 861 1964 quam
889 1918 1051 1952 maxime
1079 1917 1343 1963 delectabatur,

122 1982 233 2025 caput
264 1977 435 2013 animalis
467 1978 588 2012 afferri
616 1977 738 2024 jussit.
798 1976 892 2012 Mox
924 1976 991 2011 ubi
1028 1976 1126 2012 servi
1162 1976 1346 2023 perterriti

122 2037 297 2073 mandata
312 2037 552 2084 perfecerunt,
570 2037 634 2072 ille
649 2036 793 2083 ingenti
809 2048 893 2071 cum
909 2036 995 2080 risu,
1016 2039 1036 2055 “
1051 2035 1193 2079 Certe‚'’
1209 2036 1344 2082 inquit,

125 2100 351 2143 “nunquam
370 2096 479 2132 nobis
498 2100 724 2133 commeatus
744 2096 925 2141 ‹le-erunt,
946 2095 978 2131 si
1006 2107 1151 2131 caruem
1180 2095 1345 2131 hostium

122 2156 176 2191 ita
194 2155 300 2191 edere
320 2155 550 2202 possumUS.’'
