1401 2369
508 89 858 129 Translations.
1244 91 1291 127 93

396 297 481 337 139.
511 286 551 325 A
576 284 803 324 Dz'slconest
824 283 977 335 Conple.

127 383 253 428 Dario,
277 382 474 418 Persarum
492 380 578 428 regi,
597 392 725 416 servus
741 380 998 424 erat‚'nomine
1017 379 1163 427 Lydon,
1179 392 1291 428 quem

75 443 236 479 maxime
264 442 420 478 amabat.
492 440 564 477 Oui
600 452 676 484 rex,
706 442 749 475 ut
785 434 969 474 indicium
1008 439 1291 476 benevolentiae

73 503 219 550 insigne
238 504 447 550 praestaret,
463 501 505 536 in
523 499 801 535 matrimonium
820 498 926 535 dedit
944 499 1107 546 puellam
1126 499 1291 547 pulcher-

73 562 215 607 rimam,
255 574 366 609 quam
402 560 527 607 regina
564 571 610 595 ex
646 559 821 595 omnibus
858 559 1004 595 ancillis
1036 558 1291 596 fidelissimam

72 621 244 658 habebat.
300 621 355 656 Hi
390 623 524 665 autem,
564 619 665 666 quod
701 619 778 655 suis
810 618 953 655 divitiis
990 618 1103 654 nimis
1138 619 1291 667 prodige

73 682 285 727 utebantur,
302 680 408 716 brevi
426 691 605 727 pauperes
619 678 722 723 sacti,
737 681 780 714 ut
799 681 992 726 argentum
1011 690 1058 714 ex
1077 691 1159 726 rege
1178 679 1290 726 impe-

72 744 223 786 trarent,
245 741 314 777 hoc
343 739 539 776 consilium
567 739 742 774 inierunt.
799 738 925 775 Prima
957 738 1039 774 luce
1070 738 1138 784 vir,
1167 750 1290 785 regem

72 813 274 848 aggressus,
289 799 387 836 tristi
399 799 509 835 vultu
522 798 712 834 fortunam
724 797 914 845 deplorare
926 798 1071 845 incipit.
1115 800 1137 817 “
1150 797 1290 843 Uxor,''

71 860 208 907 inquit,
231 861 346 894 “mea
365 858 532 906 proxima
553 861 660 893 nocte
688 869 707 892 e
734 857 813 893 vita
833 857 1035 893 discessit.”
1089 856 1185 892 Tum
1213 869 1288 901 rex,

72 931 183 967 quem
202 919 273 955 viri
292 918 452 954 infelicis
479 917 657 962 miseruit,
679 916 898 952 consolandi
925 919 1044 962 eausa,
1064 929 1291 964 purpureum

71 978 227 1027 pallium
267 978 495 1025 argenti-que
532 977 716 1012 talentum
752 976 786 1012 ei
823 976 903 1012 dari
935 977 1057 1024 jussit.
1115 976 1166 1013 At
1198 988 1292 1012 uxor

73 1038 202 1075 eodem
228 1040 394 1085 tempore
422 1038 619 1084 conjugem
650 1040 838 1072 mortuum
867 1049 987 1072 coram
1015 1036 1140 1084 regina
1168 1036 1292 1084 deplo-

70 1098 183 1135 rabat.
241 1098 354 1144 Quae,
374 1100 480 1133 tanto
508 1097 635 1133 dolore
662 1100 772 1142 mota,
795 1097 829 1132 ei
858 1100 999 1133 vestem
1027 1097 1226 1144 pretiosam
1253 1099 1290 1132 et

71 1158 151 1194 auri
168 1169 340 1194 nummos
360 1157 634 1206 quinquaginta
652 1156 765 1193 dedit.

265 1328 349 1366 140.
381 1317 420 1355 A
445 1315 673 1355 Dz'slmnest
695 1314 839 1365 Conple
860 1314 1122 1366 (continued).

122 1414 205 1451 Rex
219 1414 333 1461 igitur
350 1413 516 1460 reginam
534 1413 655 1460 petiit,
677 1412 722 1447 de
740 1415 859 1448 morte
878 1412 1034 1447 ancillae
1053 1416 1129 1448 tam
1148 1416 1289 1450 amatae

69 1474 334 1510 consolaturus.
390 1472 486 1508 Inde
505 1473 632 1519 regina
650 1471 697 1507 ad
716 1483 839 1518 regem
852 1483 970 1516 versa,
985 1475 1006 1491 “
1020 1471 1165 1508 Gratias
1183 1473 1288 1519 tibi,’'

67 1534 202 1582 inquit,
225 1535 248 1553 “
260 1545 326 1581 pro
344 1532 607 1569 benevolentia
625 1544 692 1579 ago
705 1545 716 1578 5
744 1535 787 1567 tu
806 1535 932 1567 tamen
951 1531 992 1567 in
1010 1531 1079 1568 hoc
1108 1533 1284 1579 erravisti,

68 1594 170 1641 quod
184 1606 264 1629 mea
282 1592 417 1628 ancilla
436 1592 557 1627 adhuc
574 1591 679 1636 vivit,
697 1591 755 1627 vir
769 1594 895 1627 tamen
915 1592 994 1638 ejus
1012 1595 1180 1628 mortuus
1200 1593 1287 1629 est.'’

68 1654 179 1700 Quod
198 1653 264 1688 ubi
283 1665 348 1688 rex
368 1652 512 1688 credere
532 1651 667 1697 noluit,
689 1654 732 1687 ut
751 1664 828 1687 rem
846 1655 923 1687 tam
951 1651 1103 1688 dubiam
1131 1654 1288 1701 explica-

66 1717 162 1758 rent,
182 1713 291 1749 ambo
310 1712 358 1748 ad
377 1725 457 1748 eam
475 1715 618 1759 partem
637 1712 797 1757 aedium,
813 1724 925 1759 quam
940 1712 1037 1748 servi
1054 1712 1285 1761 habitabant,

67 1773 121 1808 ire
139 1774 307 1820 pergunt.
367 1771 453 1807 Huc
473 1771 539 1807 ubi
558 1774 818 1818 pervenerunt,
840 1783 895 1806 res
914 1771 1029 1818 magis
1048 1771 1089 1807 in
1113 1772 1287 1820 ambiguo

69 1834 157 1877 erat,
179 1831 279 1879 quod
298 1833 335 1866 et
354 1830 411 1867 vir
431 1833 467 1866 et
486 1830 637 1875 femina,
659 1830 789 1866 eodem
816 1829 902 1877 rogo
928 1831 1105 1878 impositi,
1126 1833 1286 1879 speciem

67 1891 196 1927 mortis
215 1890 451 1938 praebebant.
508 1889 683 1936 Denique
702 1902 777 1936 rex,
802 1891 824 1908 “
836 1889 910 1925 Hic
929 1893 1026 1926 certe
1044 1895 1211 1928 mortuus
1231 1897 1287 1930 est

68 1954 106 1986 et
124 1950 197 1987 illa.
255 1950 351 1986 Uter
369 1953 495 1986 tamen
514 1950 614 1997 prior
633 1963 652 1986 e
671 1950 750 1986 vita
769 1950 960 1986 discessit2
1016 1950 1058 1987 Si
1082 1952 1165 1999 quis
1191 1952 1286 1988 mihi

67 2013 185 2046 totam
204 2022 281 2046 rem
300 2009 549 2056 explicaverit,
567 2009 601 2044 ei
619 2009 774 2056 triginta
792 2021 963 2045 nummos
981 2022 1109 2046 aureos
1126 2011 1286 2048 libenter

67 2069 197 2106 dabo.”
250 2068 304 2105 At
330 2069 390 2105 vir
418 2068 545 2104 statim
573 2080 592 2104 e
619 2080 705 2115 rogo
734 2068 892 2105 desiluit.
954 2069 1121 2115 “Mihi,'’
1147 2071 1282 2119 inquit,

69 2129 164 2164 “rex
176 2140 307 2176 magne
321 2139 494 2162 nummos
507 2127 629 2174 redde,
644 2139 711 2174 ego
725 2128 823 2163 enim
835 2127 977 2175 primus
990 2133 1157 2165 mortuus
1168 2132 1286 2168 sum.'’
