1401 2369
154 97 202 133 20
584 95 936 136 Translations.

152 220 278 265 mihi,’'
289 220 424 267 inquit,
441 223 462 240 “
475 233 704 267 responsum,
720 232 741 255 o
757 219 940 267 praeclare
959 219 1069 255 Rosci
1081 232 1092 264 3
1120 219 1222 255 canis
1236 217 1366 254 divitis

150 279 265 316 vicini
300 292 423 315 meum
459 292 586 326 agrum
631 280 797 324 intravit,
836 279 1068 325 necavit-que
1112 281 1186 314 tres
1230 277 1363 325 pullos.

152 337 337 385 Quantam
357 342 398 374 tu
418 339 594 374 mulctam
611 339 763 374 domino
779 338 880 373 canis
898 338 1060 385 imponis
1072 337 1110 372 2”
1146 337 1167 355 ‘⁴
1184 335 1366 381 Quattuor

150 398 280 443 asseS‚²'
314 398 505 445 respondit
539 398 699 434 Roscius.
760 397 854 432 “Da
886 397 980 432 mihi
1008 396 1124 443 igitur
1150 395 1280 440 asseS‚''
1309 395 1366 431 vir

149 458 283 505 inquit,
317 461 337 477 “
350 462 437 493 tuus
465 458 564 493 enim
593 458 693 492 canis
721 460 799 493 erat
826 456 942 492 reus.''
999 456 1107 492 “Res
1134 469 1249 503 aequa
1277 454 1364 500 est,”

149 519 284 554 iterum
307 517 498 564 respondit
524 517 692 562 Roscius,
715 519 737 535 ‘⁴
750 519 787 551 et
806 516 966 551 libenter
985 516 1055 551 tibi
1072 520 1249 563 quattuor
1269 526 1365 551 asses

149 578 254 614 dabo.
310 577 363 612 At
391 580 433 612 tu
461 577 621 623 primum
649 575 800 611 numera
827 576 921 611 mihi
949 576 1114 623 quinque
1142 588 1247 621 asses,
1272 587 1365 610 nun-

149 649 260 685 quam
279 637 377 673 enim
391 636 651 684 jurisconsulti
671 636 750 671 sine
770 635 936 672 mercede
955 636 1046 672 dant
1065 635 1270 683 responsa.''

481 795 544 824 22.
581 784 665 823 lee
697 784 846 835 Yong
865 784 1038 824 §havera

200 872 372 917 Glaucus,
407 884 498 919 puer
526 871 754 916 Corinthius,
785 871 997 906 adultorum
1025 871 1220 906 hominum
1247 872 1364 913 mores

147 945 289 980 semper
324 932 503 967 induebat
517 945 527 977 3
563 943 648 965 nam
686 934 809 977 togam
837 930 984 966 virilem
1011 929 1124 977 vulgo
1152 930 1301 977 gerebat
1328 934 1365 966 et

147 1007 252 1041 saepe
271 993 449 1029 tondebat
468 993 597 1028 molles
611 992 730 1039 genas.
790 992 985 1038 Quondam
1001 992 1158 1028 intravit
1174 992 1364 1027 tabernam

146 1053 321 1102 praeclari
339 1053 507 1097 tonsoris,
529 1056 565 1088 et
584 1054 716 1099 magna
734 1064 822 1087 voce
840 1053 861 1070 ‘⁶
873 1051 1034 1096 Tonde,’'
1050 1052 1185 1099 inquit,
1211 1054 1364 1087 “meam

145 1114 296 1150 barbam
328 1113 406 1149 sine
435 1112 569 1148 morast
623 1112 772 1156 Tonsor,
803 1112 861 1146 vir
884 1111 1042 1158 jocosus,
1073 1116 1179 1159 parat
1206 1124 1363 1158 aquam3

145 1173 298 1210 obducit
333 1176 500 1208 mentum
541 1172 692 1218 juvenis
727 1174 858 1218 spuma
893 1171 1000 1216 alb53
1046 1172 1206 1207 cultrum
1243 1172 1342 1207 acuit
1353 1185 1364 1217 3

145 1237 328 1281 postremo
363 1232 468 1268 vadit
504 1232 550 1267 ad
592 1236 745 1278 portam,
785 1231 983 1278 habet-que
1029 1234 1234 1266 sermonem
1280 1244 1364 1266 cum

144 1294 281 1330 amicis.
337 1292 463 1328 Primo
491 1291 653 1327 Glaucus
673 1304 748 1326 rem
768 1292 952 1338 patienter
979 1290 1161 1326 tolerabat
1174 1304 1185 1336 3
1213 1291 1364 1326 tandem

144 1366 220 1390 non
239 1353 404 1389 continet
428 1353 530 1396 iram,
552 1352 616 1387 sed
643 1364 789 1387 causam
817 1351 937 1386 morae
965 1350 1180 1397 postulavit.
1241 1350 1362 1394 “At‚”

144 1413 334 1461 respondit
352 1413 502 1457 Tonsor,
527 1414 547 1430 “
560 1415 664 1447 tuam
684 1411 834 1446 barbam
854 1410 1062 1457 exspect0.'’

497 1573 557 1613 23.
598 1562 681 1601 lee
706 1563 836 1602 ζὶνεσκι
862 1561 1010 1602 Claeese.

200 1653 362 1688 Boeotus
382 1651 503 1686 viator
531 1651 618 1686 olim
647 1657 722 1687 una
754 1663 838 1687 cum
872 1650 1068 1687 Corinthio
1087 1656 1124 1687 et
1143 1651 1364 1688 Atheniensi

148 1718 260 1749 noctu
301 1711 525 1748 ambulabat.
601 1712 691 1747 Mox
732 1711 884 1746 comites
922 1711 970 1746 ad
1006 1712 1178 1758 rapidum
1222 1712 1364 1748 flumen

147 1773 312 1810 veniunt.
370 1771 480 1807 Forte
518 1770 615 1806 altus
652 1782 744 1817 pons
773 1770 956 1817 jungebat
987 1771 1134 1806 flumen.
1192 1771 1364 1807 Viatores

148 1833 352 1870 ascendunt
368 1836 528 1878 pontem,
546 1836 582 1866 et
602 1831 641 1865 in
660 1836 757 1877 aqua
776 1830 844 1866 sub
864 1830 1021 1878 pedibus
1036 1830 1234 1878 imaginem
1254 1831 1364 1868 lunae

149 1895 288 1930 vident.
362 1892 526 1935 “Ecce,''
561 1891 684 1938 inquit
723 1891 895 1936 Boeotus,
938 1891 1125 1939 “pulcher
1161 1903 1287 1927 caseus
1324 1892 1364 1927 in

148 1960 245 2002 aqua
259 1954 370 2000 jacet.
427 1952 504 1988 Cur
523 1964 590 1987 nos
608 1964 681 1987 non
710 1952 915 1998 praemium
935 1952 1170 1999 deportamus
1183 1952 1219 1987 2⁷‘
1274 1951 1363 1988 Sine

148 2016 251 2051 mora
270 2014 432 2049 Boeotus
460 2013 629 2048 manibus
657 2018 808 2060 pontem
829 2015 942 2057 tenet,
960 2018 997 2048 et
1016 2011 1209 2059 suspendit
1229 2023 1362 2058 eorpus

148 2087 258 2123 super
286 2086 430 2121 aquam.
489 2072 635 2108 Deinde
664 2072 881 2109 Corinthius
900 2071 1097 2120 prehendit
1116 2083 1221 2107 crura
1240 2071 1359 2107 amici.

148 2133 389 2173 Atheniensis
421 2131 535 2168 habet
566 2131 719 2167 tertium
752 2132 874 2168 locum
903 2136 940 2168 et
967 2131 1125 2179 pedibus
1156 2130 1363 2178 praemium
