1401 2369
465 69 817 113 Translations.
1197 74 1245 110 85

35 210 127 245 quae
162 198 317 235 summis
352 198 462 235 modo
497 199 608 235 ramis
644 199 867 247 dependent,
900 203 1116 236 mercatores
1146 199 1247 237 haud

33 258 141 294 facile
173 261 340 305 carpunt,
374 259 475 306 quod
505 259 599 296 lfwis
631 259 770 295 arboris
805 263 957 296 truncus
993 259 1141 296 ascendi
1171 272 1247 297 non

32 320 164 365 potest.
220 318 334 354 Hunc
362 321 487 354 tamen
513 319 666 355 modum
692 319 925 355 invenerunt.
983 319 1128 365 Simias,
1155 332 1248 367 quae

32 377 213 424 plurimae
243 378 357 414 silvas
390 378 528 424 colunt,
557 379 658 414 saxis
684 381 847 415 vexant:
893 379 1131 426 quamobrem
1162 379 1249 416 illae

31 438 145 473 iratae
163 450 277 473 nuces
295 438 342 474 ab
360 438 554 475 arboribus
573 438 736 486 direptas
755 438 796 474 in
817 442 1035 475 mercatores
1053 439 1244 486 dejiciunt.

33 495 151 533 Sinon
188 497 348 534 nucibus
383 497 513 534 multis
549 498 703 545 potitus,
741 500 958 534 mercatores
1003 499 1127 535 simias
1168 500 1247 547 ipse

31 560 176 604 captare
202 557 338 595 docuit.
396 557 422 593 J
424 570 513 593 ussu
540 558 621 605 ejus
654 569 741 594 vasa
777 557 957 605 quaedam
987 570 1103 605 aquae
1137 559 1248 606 plena

30 616 77 652 ad
94 617 188 653 imas
207 617 353 653 arbores
371 617 627 662 admoverunt,
648 617 785 664 quibus
803 618 843 653 in
862 617 960 653 vasis
978 621 1110 654 mansis
1127 619 1247 655 multo

30 688 113 712 cum
126 676 267 724 fragore
282 676 468 713 lavabant.
525 676 621 713 Inde
635 689 723 713 vasa
737 677 865 713 eadem
878 677 983 724 nigra
996 677 1077 725 pice
1091 678 1248 726 comple-

28 739 175 781 verunt,
204 736 536 784 discesserunt-que
563 748 583 772 e
613 736 702 773 loco.
761 735 899 772 Simiae
924 740 1049 773 autem
1077 737 1247 775 homines

28 807 75 831 ex
94 796 362 832 consuetudine
382 796 558 841 imitatae,
578 796 645 832 ubi
664 808 797 833 manus
815 796 857 832 in
874 808 963 834 vasa
980 796 1241 845 imposuerunt

28 855 110 902 pice
128 858 291 893 retentae
310 855 417 892 facile
437 858 640 904 captantur.

244 1052 332 1094 127.
369 1043 407 1082 T
404 1042 454 1083 lte
471 1042 713 1095 Elephant's
732 1043 1022 1096 Burial-place.

79 1145 194 1182 Haud
220 1145 383 1182 multum
410 1146 456 1182 ab
484 1159 526 1182 eo
553 1146 635 1183 loco
661 1159 818 1195 magnus
844 1160 933 1195 grex
963 1147 1244 1195 elephantorum

26 1207 164 1244 teneris
188 1207 385 1244 frondibus
412 1207 638 1255 pascebatur.
696 1208 778 1254 Quo
805 1208 890 1245 visu
917 1209 1113 1257 perterriti,
1134 1210 1245 1246 ceteri

25 1268 68 1304 in
94 1268 220 1315 fugam
247 1280 286 1304 se
313 1268 507 1314 dederunt,
537 1268 657 1305 Sinon
684 1271 820 1314 tamen,
841 1281 926 1305 arcu
953 1272 1126 1314 armatus,
1147 1272 1244 1317 post*

26 1340 138 1375 quam
165 1328 205 1363 in
224 1328 390 1364 arborem
417 1328 640 1374 ascenderat,
662 1328 841 1364 celeribus
867 1328 1012 1376 sagittis
1040 1329 1244 1365 maximum

27 1400 75 1424 ex
92 1387 302 1435 elephantis
320 1387 516 1424 interfecit.
573 1388 608 1424 A
635 1388 898 1424 mercatoribus
916 1388 1039 1435 igitur,
1062 1389 1127 1435 qui
1154 1388 1246 1425 ebur

26 1447 181 1484 maximi
207 1447 415 1493 aestimant,
445 1447 553 1483 donis
580 1450 751 1484 oneratus
779 1451 844 1484 est.
901 1447 997 1483 Inde
1025 1446 1156 1492 Sinon,
1184 1448 1245 1483 cui

26 1507 183 1544 divitiae
211 1507 378 1543 animum
406 1507 643 1552 addiderunt,
673 1508 860 1554 quandam
887 1507 928 1543 in
955 1506 1130 1552 arborem,
1152 1519 1245 1554 quae

21 1568 137 1614 juxta
174 1578 329 1614 parvum
366 1566 489 1603 lacum
525 1567 721 1613 crescebat,
759 1567 971 1614 saepissime
1011 1567 1242 1605 ascendebat.

28 1627 110 1673 Quo
123 1626 278 1662 consilio
297 1627 503 1674 complures
520 1627 708 1663 interfecit
727 1627 957 1676 elephantos,
979 1639 1071 1674 quos
1089 1627 1245 1665 bibendi
1299 1622 1301 1624 ’

27 1689 137 1723 causa
163 1698 248 1722 eum
276 1686 400 1722 locum
427 1687 527 1723 adire
555 1686 758 1734 oportebat.
814 1686 938 1722 Tertio
965 1689 1090 1723 tamen
1108 1699 1244 1733 mense,

27 1746 231 1794 elephanti,
253 1746 390 1793 quibus
417 1759 551 1793 aquam
578 1747 657 1782 sine
685 1746 798 1782 noxia
824 1745 925 1782 adire
942 1758 1019 1782 non
1037 1746 1183 1791 licebat,
1206 1747 1248 1783 in

29 1806 208 1842 Sinonem
244 1806 410 1842 universi
446 1806 629 1854 impetum
655 1806 834 1850 fecerunt,
863 1805 1084 1853 crebris-que
1110 1806 1249 1843 ictibus

27 1867 147 1914 ipsam
160 1865 329 1902 arborem
343 1865 520 1902 radicitus
531 1865 748 1902 evellerunt.
792 1865 887 1901 Inde
899 1866 1022 1902 virum
1033 1867 1246 1912 attonitum,

28 1928 258 1973 mortemque
277 1927 547 1972 expectantem,
568 1924 608 1960 in
626 1928 770 1972 tergum
793 1924 1004 1961 sublevavit
1022 1925 1100 1961 dux
1118 1926 1247 1973 gregis,

28 1984 224 2032 longe-que
244 1997 309 2033 per
327 1985 441 2020 silvas
467 1984 514 2021 ad
542 1997 627 2020 eum
654 1984 776 2020 locum
796 1985 971 2032 portavit,
991 1997 1064 2032 quo
1083 1985 1250 2033 sepulcro

28 2043 223 2091 elephanti
255 2044 469 2081 utebantur.
529 2043 648 2081 Sinon
680 2045 808 2092 igitur,
827 2044 893 2092 qui
925 2056 972 2080 ex
999 2045 1156 2081 mortuis
1183 2045 1249 2082 ele-

28 2101 187 2150 phantis
205 2103 294 2140 satis
314 2103 435 2140 eboris
453 2104 597 2151 potitus
616 2106 682 2148 est,
703 2103 801 2140 vivis
820 2103 972 2151 posthac
991 2103 1172 2151 parcebat.
