1401 2369
457 111 808 153 Translations.
1198 113 1245 150 65

259 319 323 359 93.
363 308 402 346 T
398 307 448 346 lae
465 307 739 346 Bloodlcozmd
755 306 1021 358 (continued).

74 408 157 444 Rex
183 409 319 451 tamen,
351 406 416 453 qui
444 405 577 441 leviter
604 405 820 450 dormiebat,
845 417 974 441 somno
1003 405 1198 451 excitatus,
1224 419 1245 442 a

21 468 117 504 lecto
149 466 323 514 prosiluit
350 469 387 501 et
415 469 612 513 postquam
645 457 817 500 comitem
845 465 1049 511 suscitavit,
1078 466 1244 513 gladium

21 527 232 563 destrinxit.
290 525 412 561 Atrox
444 526 531 560 inde
565 528 749 560 certamen
779 525 919 560 factum
951 528 1016 570 est,
1048 538 1114 562 rex
1144 526 1245 562 enim

20 589 144 637 gladio
177 600 296 623 unum
330 600 349 623 e
380 587 588 623 latronibus
624 587 834 633 transfixit3
875 590 913 623 at
945 600 1066 623 comes
1097 588 1243 633 infelix,

20 649 146 685 subito
174 648 319 695 impetu
350 647 599 694 perturbatuS,
630 660 650 682 a
678 647 886 682 latronibus
922 647 1140 683 interfectus
1177 651 1240 683 est.

21 710 118 746 Tum
146 721 212 744 rex
240 708 294 743 ira
322 710 358 743 et
386 707 511 742 dolore
539 707 723 751 incensus,
744 707 844 754 quod
872 707 1038 754 gladium
1058 720 1077 743 e
1096 719 1246 755 corpore

20 769 176 806 latronis
212 767 400 804 interfecti
436 766 628 802 detrahere
665 779 740 802 non
778 770 934 814 poterat,
972 768 1050 803 face
1086 767 1244 813 ardenti,

21 842 133 877 quam
170 841 189 864 e
225 828 306 864 foco
344 826 583 874 corripuerat,
615 826 767 862 alterius
803 826 957 863 latronis
989 831 1102 875 caput
1133 827 1241 864 elisit.

23 890 133 937 Quod
176 888 243 924 ubi
287 887 392 924 videt
438 887 580 932 tertius,
627 891 745 921 morte
791 887 971 923 comitum
1016 888 1244 935 perterritus,

21 951 149 998 fugam
177 948 349 984 tentavit.
406 947 487 982 Nec
516 950 640 982 tamen
670 959 688 982 e
716 946 880 994 periculo
910 947 1039 992 evasit,
1061 960 1126 983 rex
1146 948 1246 984 enim

18 1012 96 1058 jam
124 1011 286 1045 armatus
322 1007 457 1054 gladio,
488 1019 562 1053 quo
594 1007 755 1042 occisum
788 1007 973 1043 latronem
1007 1007 1244 1056 spoliaverat,

21 1070 167 1106 hostem
186 1068 391 1116 fugientem
415 1067 562 1104 mortali
582 1067 737 1104 vulnere
757 1067 925 1104 confecit.

431 1277 496 1317 94.
527 1266 566 1304 A
593 1267 731 1305 [οων
750 1268 836 1306 lost.

76 1375 187 1420 Galli,
234 1375 299 1422 qui
346 1374 536 1410 audaciam
582 1375 737 1413 maximi
782 1375 1041 1422 aestimabant,
1090 1376 1250 1413 ferarum

24 1435 288 1472 certaminibus
307 1434 469 1469 multum
489 1433 779 1470 delectabantur.
837 1435 1055 1482 Aliquando
1079 1449 1145 1472 rex
1165 1448 1251 1472 cum

23 1497 158 1542 magna
193 1496 339 1530 caterva
375 1494 561 1529 nobilium
599 1494 885 1542 mulierum-que
923 1495 1104 1531 clararum
1140 1496 1251 1532 ludos

24 1555 196 1591 solennes
216 1553 425 1601 aspiciebat.
486 1553 675 1599 Quaedam
704 1567 750 1589 ex
778 1554 847 1599 his,
872 1568 965 1602 quae
994 1557 1122 1603 sponsi
1149 1557 1252 1593 forti-

23 1614 196 1650 tudinem
211 1616 354 1648 tentare
369 1613 501 1658 voluit,
523 1626 674 1649 aureum
690 1618 859 1661 torquem
875 1615 1010 1662 dejecit
1028 1616 1069 1651 in
1088 1617 1250 1652 mediam

25 1685 182 1717 arenam,
218 1675 291 1719 qua
322 1672 380 1708 leo
412 1673 544 1719 ingens
577 1685 661 1709 cum
696 1674 843 1710 duobus
874 1675 1034 1722 tigribus
1065 1679 1250 1713 certamen

25 1733 243 1769 acerrimum
263 1732 401 1778 agebat.
462 1732 553 1767 “Tu
573 1732 758 1779 quidem‚”
779 1733 914 1780 inquit,
939 1735 1006 1770 “si
1025 1736 1118 1782 quid
1145 1736 1186 1771 in
1214 1739 1252 1772 te

24 1793 161 1829 residet
198 1791 332 1827 amoris
371 1803 454 1838 erga
490 1804 559 1837 me,
593 1795 764 1840 torquem
800 1793 895 1829 mihi
932 1806 951 1830 e
987 1795 1075 1831 seris
1112 1796 1247 1844 eripe.''

0 1857 1 1860 ’
26 1853 163 1890 Statim
187 1853 341 1900 juvenis
368 1852 427 1887 his
447 1853 570 1888 verbis
598 1866 783 1899 accensus,
804 1855 845 1890 in
872 1868 1021 1892 arenam
1050 1869 1087 1892 se
1115 1859 1252 1904 praeci-

25 1912 162 1960 pitavit
175 1925 185 1957 3
214 1912 312 1947 saltu
341 1911 452 1947 alacri
479 1915 649 1959 torquem
676 1915 800 1960 rapuit
814 1927 824 1959 3
851 1918 956 1951 tutus
985 1929 1069 1951 cum
1088 1918 1251 1964 praemio

0 2016 2 2023 k
25 1972 145 2008 rediit.
202 1971 298 2006 Tum
326 1971 401 2017 ille,
423 1971 513 2007 dum
542 1984 668 2008 omnes
687 1973 828 2010 factum
850 1975 1048 2022 plaudunt,
1071 1989 1156 2012 cum
1176 1978 1252 2014 risu

4 2064 5 2069 ,
26 2031 74 2068 ad
88 2031 200 2078 pedes
212 2031 369 2078 virginis
385 2031 543 2067 erudelis
556 2035 725 2079 torquem
741 2035 904 2081 projecit.
966 2035 1051 2071 “Tu
1066 2037 1252 2084 quidem‚'’

4 2091 161 2138 dnquit,
202 2093 351 2128 “meam
378 2092 496 2128 vitam
519 2091 667 2128 minimi
696 2093 861 2130 habuisti
870 2107 880 2140 ς
921 2107 987 2143 ego
1016 2099 1124 2132 tuum
1157 2110 1251 2134 amo-

6 2164 7 2186 1
25 2151 138 2187 rem.’'

6 2202 7 2206 Ἰ
84 2217 260 2246 munuum]
671 2210 697 2238 Ε
