1401 2369
489 37 837 79 Translations.
1223 40 1270 77 87

405 259 492 300 130.
522 249 583 288 M
580 248 718 288 z'neral
736 249 926 299 Sprz'ngs.

109 346 251 383 Morcio
278 346 475 382 Icenorum
502 346 579 393 regi
606 345 705 381 filius
724 349 799 381 eraf,
819 346 961 392 unicus,
983 346 1146 394 ingenuo
1167 347 1274 383 vultu

56 418 147 455 puer
173 406 424 453 moribus-que
451 405 691 441 suavissimis,
748 405 862 440 Hunc
890 409 1015 441 tamen
1043 405 1171 442 morbo
1199 419 1274 454 gra-

56 465 208 502 vissimo
236 465 409 501 affectum
436 469 540 512 pater
568 464 635 513 (sic
664 465 764 500 enim
791 464 891 511 leges
914 464 1129 513 jubebam),
1160 478 1181 501 a
1207 478 1274 501 suo

56 537 167 573 regno
195 525 235 561 in
262 524 436 561 exsilium
464 525 627 572 ejecerat.
687 524 781 560 Inde
804 524 966 571 juvenis,
996 525 1096 572 quod
1124 529 1273 573 argenbo

56 585 212 631 carebat,
242 598 310 621 nec
337 585 415 621 ullo
448 585 558 621 modo
586 586 704 620 vibam
735 585 917 620 sustinere
949 589 1104 632 poterat,
1133 589 1271 622 vestem

55 646 217 681 mutavit
252 645 400 692 regiam,
439 657 653 692 servus-que
690 645 821 689 factus,
860 644 1039 692 agricolae
1080 646 1274 692 cujusdam

56 718 139 741 sues
158 705 340 753 pascebat.

107 764 161 801 At
179 777 262 801 sues
281 765 408 812 paucis
427 768 510 812 post
529 765 660 801 diebus
680 765 809 801 eodem
828 764 956 800 morbo
975 765 1098 802 affecti
1117 766 1267 803 tabesce-

56 825 149 861 bant
183 825 264 872 ipsi.
338 825 487 861 Deinde
528 838 628 872 puer,
668 825 768 872 quod
805 837 883 860 rem
920 825 1103 862 occultare
1140 827 1272 872 voluit,

56 888 177 921 totum
195 897 341 932 gregem
359 885 401 920 in
420 885 554 921 silvam
574 885 781 921 densiorem
801 885 883 932 egib.
943 885 1056 921 Hunc
1069 886 1169 931 olim,
1185 886 1275 923 dum

56 957 120 992 per
145 945 331 992 regionem
360 945 525 992 ignotam
553 949 658 991 errat,
680 945 858 993 paludem
885 945 1042 981 transire
1070 946 1270 993 oportebat.

56 1005 177 1052 Quam
194 1006 258 1042 ubi
277 1006 454 1042 viderunt
481 1018 575 1051 sues,
597 1018 724 1042 omnes
752 1018 827 1042 uno
856 1006 1000 1053 impetu
1028 1006 1069 1042 in
1095 1019 1209 1054 aquas
1237 1020 1274 1044 se

55 1065 247 1112 dejiciunt,
286 1066 423 1113 quibus
468 1066 573 1113 aquis
618 1066 829 1102 salubribus
876 1066 1112 1103 sanabantur.
1181 1068 1276 1103 Puer

55 1125 169 1173 igitur
205 1138 287 1161 sues
312 1126 480 1162 imitatus
507 1139 705 1173 sanus-que
733 1126 811 1174 ipse
847 1127 977 1170 factus,
1017 1126 1197 1174 oppidum
1233 1128 1275 1163 in

56 1197 98 1221 eo
116 1184 196 1221 loco
214 1185 393 1230 condidit),
414 1197 508 1234 quae
528 1186 657 1234 Aquae
679 1185 775 1222 Solis
796 1189 946 1222 vocatae
966 1188 1063 1223 sunt.
