1401 2369
141 114 189 150 52
569 115 920 158 Translations.

390 314 454 355 75.
493 305 531 343 T
528 304 577 343 lle
605 305 659 344 W
657 303 913 344 eatller-wise
932 305 1109 356 Donkey.

193 391 416 436 Ludovicus,
438 404 503 427 rex
531 392 736 436 Gallorum,
766 392 877 427 fidem
905 393 1104 428 maximam
1132 392 1292 429 habebat
1322 391 1354 427 ei

141 452 265 499 generi
309 451 514 496 hominum,
563 452 627 498 qui
672 452 845 498 astrologi
881 456 1069 497 vocantur,
1108 453 1206 500 quod
1252 455 1356 488 motu

142 511 330 547 stellarum
357 512 493 548 imbres
512 515 730 557 ventos-que
757 511 964 558 praedicere
992 512 1119 548 solent.
1177 511 1270 556 Rex,
1292 511 1356 558 qui

142 571 302 607 multum
338 572 379 606 in
411 571 673 607 venationibus
709 574 796 615 erat,
831 570 1030 617 aliquando
1063 571 1152 606 dum
1181 583 1356 618 magnum

145 643 291 667 cervum
310 631 463 666 canibus
491 643 556 678 per
583 631 695 666 silvas
722 631 848 677 agitat,
878 630 986 666 celeri
1015 643 1107 677 equo
1134 631 1243 678 longe
1271 634 1355 666 ante

145 703 269 727 omnes
297 691 413 726 socios
441 693 713 738 praetervectus
733 693 796 726 est.
855 690 1001 726 Interea
1025 690 1165 725 caelum
1192 690 1357 725 nubibus

144 751 367 794 obscuratur,
384 750 592 797 gravis-que
607 750 726 785 imber
741 762 822 786 cum
839 750 957 785 multa
977 750 1154 796 grandine
1170 751 1209 785 in
1224 754 1357 785 terram

143 811 289 846 decidit.
347 810 430 846 Rex
461 810 585 857 igitur,
620 810 720 857 quod
753 823 903 857 parvam
936 822 1054 845 casam
1087 810 1182 845 inter
1212 810 1357 846 arbores

143 871 256 916 videt,
277 870 508 917 tempestatis
527 870 737 917 perfugium
766 870 868 917 petit.
926 870 1021 905 Tum
1049 870 1114 905 ubi
1142 870 1173 905 is
1200 870 1358 916 graviter

144 930 336 966 incusabat
354 930 523 965 indoctos
542 930 625 965 illos
645 929 856 976 astrologos,
880 929 1034 964 “Nulla
1053 933 1176 965 tamen
1204 933 1356 976 tempes-

144 991 233 1035 tas,⁷'
261 990 452 1037 respondit
479 989 645 1036 agricola,
677 990 783 1036 cujus
816 1002 896 1024 casa
925 993 1012 1032 erat,
1044 990 1138 1024 “me
1167 989 1357 1024 incautum

146 1051 305 1097 excipit3
333 1062 476 1096 semper
503 1049 602 1084 enim
629 1061 733 1084 meus
766 1049 900 1092 asinus,
933 1049 997 1095 qui
1027 1049 1149 1095 fruges
1181 1048 1279 1083 horti
1311 1048 1358 1084 ad

146 1111 266 1146 sorum
294 1113 437 1157 portare
457 1108 559 1153 solet,
590 1120 678 1144 voce
706 1111 813 1144 rauca
841 1108 997 1143 imbrem
1025 1108 1118 1143 mihi
1146 1108 1357 1155 praedicit.²'

149 1173 170 1189 “
184 1170 220 1205 N
225 1168 406 1212 imirum‚'⁷
426 1180 510 1203 cum
530 1168 605 1203 risu
624 1167 815 1214 respondit
834 1180 908 1211 rex,
933 1167 1000 1202 “si
1027 1170 1114 1203 tuus
1140 1167 1264 1202 asinus
1283 1171 1358 1202 tam

146 1231 266 1266 bonus
285 1228 487 1273 astrologus
516 1231 581 1272 est,
602 1239 702 1263 meos
730 1227 930 1274 astrologos
958 1227 1110 1274 posthac
1139 1227 1179 1261 in
1207 1238 1360 1262 numero

147 1290 330 1326 asinorum
349 1287 528 1324 habeb0.''

509 1417 571 1467 76.
603 1417 641 1455 A
666 1416 999 1469 Practz'calsokc.

209 1502 290 1539 Rex
309 1505 460 1551 quidam
488 1506 750 1544 Britannorum
770 1510 942 1555 quattuor
970 1507 1130 1543 habebat
1158 1508 1264 1551 filios,
1287 1510 1360 1556 qui,
1400 1514 1401 1558 J

147 1566 247 1613 quod
274 1566 370 1600 inter
397 1578 435 1600 se
462 1577 568 1611 saepe
597 1565 836 1610 dissidebant,
867 1567 980 1612 patris
1007 1568 1173 1604 animum
1200 1571 1360 1616 graviter

147 1625 343 1662 vexabant.
419 1624 478 1660 Ex
523 1624 582 1659 his
627 1625 811 1660 maximus
856 1629 958 1671 natu,
997 1627 1057 1662 cui
1102 1640 1237 1664 nomen
1283 1634 1359 1666 erat

147 1686 342 1730 Robertus,
359 1685 509 1731 juvenis
529 1684 633 1719 ferox
653 1688 689 1719 et
708 1685 906 1720 iracundus
933 1698 1040 1734 saepe
1068 1699 1133 1734 per
1154 1688 1358 1726 ludibrium

148 1759 169 1782 a
185 1745 361 1781 fratribus
380 1744 627 1780 exercebatur.
685 1744 738 1779 Hi
761 1745 861 1789 olim,
883 1746 948 1792 qui
975 1746 1015 1781 in
1043 1748 1228 1794 superiore
1256 1755 1358 1796 parte

147 1806 294 1842 aedium
321 1804 415 1839 forte
437 1804 599 1847 fuerunt,
621 1804 837 1848 Robertum,
860 1805 949 1840 dum
977 1806 1017 1840 in
1045 1806 1152 1842 horto
1180 1807 1355 1855 ambulat,

147 1865 314 1913 improbo
342 1863 464 1899 animo
493 1863 747 1899 observabant.
827 1863 919 1900 Mox
947 1865 1099 1911 juvenis
1126 1866 1357 1914 improvidus

147 1926 217 1961 sub
248 1926 367 1972 ipsam
398 1923 607 1967 fenestram,
638 1925 710 1969 qua
737 1923 867 1959 fratres
900 1924 1163 1971 despiciebant,
1192 1939 1358 1973 gressum

147 1985 293 2022 direxit.
349 1984 445 2019 Tum
467 1983 571 2030 pueri
598 1983 763 2030 maligni,
785 1986 827 2018 ut
847 1984 1008 2030 primum
1028 1986 1165 2022 occasio
1185 1987 1270 2023 data
1290 1992 1354 2033 est,

146 2046 187 2082 in
198 2048 309 2092 caput
320 2043 442 2079 fratris
456 2042 596 2078 incauti
611 2043 831 2089 amphoram>
841 2055 956 2090 aquae
971 2044 1119 2091 plenam
1135 2046 1352 2085 effuderunt.

146 2105 200 2141 At
234 2104 418 2140 Robertus
450 2102 503 2137 ira
535 2103 640 2137 caeca
670 2101 836 2148 gladium
870 2103 1029 2151 stringit,
1064 2105 1190 2153 in—que
1227 2107 1357 2144 fratres

145 2164 325 2211 impetum
356 2162 454 2198 facit.
522 2161 576 2196 Hi
603 2164 726 2196 autem
755 2162 940 2208 perterriti
967 2164 1007 2199 in
1036 2166 1237 2210 penetralia
1264 2167 1358 2215 regis
