1401 2369
127 92 175 128 26
557 73 911 131 Translations.

388 264 450 304 34.
487 252 571 292 lee
592 252 818 292 standard
836 252 1094 303 (continued).

179 340 268 376 Nox
288 343 364 376 erat
383 343 420 375 et
438 340 528 375 luna
546 342 672 374 sereno
694 338 863 385 fulgebat
881 338 990 376 caelo.
1047 339 1127 375 Diu
1141 343 1178 376 et
1191 337 1346 387 vigilan-

127 402 183 435 ter
202 399 392 436 Cennetus
407 399 529 434 locum
544 399 784 434 custodiebat.
843 397 894 433 At
909 398 1033 434 subito
1052 399 1153 435 canis
1171 399 1345 434 latratum

128 460 214 496 edit.
269 458 357 494 ‹Jam
390 459 468 506 ipse
501 459 605 494 audit
637 458 761 494 lenem
798 457 971 494 sonitum.
1030 458 1166 495 Statim
1197 458 1346 505 stringit

127 521 301 568 gladium.
358 519 412 556 At
448 532 523 555 vox
567 523 666 565 nota,
716 519 943 566 “Depone,''
988 520 1123 567 inquit,
1173 520 1347 564 “telum;

128 581 270 618 Cloelia
288 584 353 616 tua
371 593 505 628 sponsa
525 580 624 615 haud
643 580 772 627 procul
791 580 838 615 ab
866 579 936 615 hoc
964 579 1043 615 loco
1071 583 1107 615 te
1135 582 1324 627 exspectat
1335 592 1346 625 3

127 641 214 678 veni
233 641 347 687 igitur
364 652 508 675 mecum
537 639 737 676 celeriter.'⁷
792 639 941 676 Stultus
968 651 1089 686 eques,
1110 639 1196 675 fidei
1223 640 1346 674 imme-

126 712 217 744 mor,
239 700 437 735 stationem
456 699 590 734 deSerit
605 712 615 744 3
642 700 821 746 relinquit
848 703 972 734 tamen
1002 711 1129 734 canem
1157 699 1347 734 custodem

126 759 210 795 loci.
278 758 381 794 Dum
427 758 541 803 abest,
585 759 793 806 clangorem
834 770 1017 794 armorum
1059 758 1174 803 audit,
1213 758 1347 794 deinde

126 819 314 867 gemitum.
373 817 508 853 Dolore
528 818 654 853 furens
681 818 833 854 recurrit
860 818 906 852 ad
933 817 1064 854 locum.
1122 817 1252 854 Eheu!
1278 817 1347 864 sig-

127 890 218 914 num
238 877 353 922 abest,
375 879 412 912 et
431 876 552 912 fidelis
572 880 695 912 custos
714 876 959 912 moribundus
973 877 1080 923 jacet.

381 1024 442 1066 35.
491 1015 529 1053 T
526 1014 573 1054 lle
597 1014 821 1055 standard
838 1014 1097 1066 (continued).

179 1103 324 1140 Paucos
342 1106 426 1151 post
448 1103 527 1138 dies
555 1102 736 1138 Ricardus
764 1103 886 1149 copias
915 1102 1096 1137 sociorum
1122 1101 1343 1138 recensebat.

128 1160 232 1196 Dum
260 1161 339 1208 ipse
367 1160 405 1195 in
434 1160 534 1207 regio
562 1159 654 1195 solio
673 1161 786 1204 sedet,
808 1160 990 1207 principes
1010 1160 1238 1208 equites-que
1258 1174 1343 1199 cum

128 1218 259 1255 multis
295 1218 464 1253 millibus
501 1218 665 1254 militum
702 1223 787 1254 ante
824 1219 947 1255 oculos
983 1220 1077 1267 regis
1112 1221 1345 1258 incedebant.

130 1277 244 1313 Haud
263 1277 390 1324 procul
404 1277 451 1312 ab
471 1289 513 1312 eo
532 1277 611 1312 loco
631 1278 753 1313 stabat
773 1278 962 1315 Cennetus
977 1291 1061 1314 cum
1081 1291 1168 1315 cane
1183 1280 1286 1315 fideli
1301 1279 1348 1326 (is

130 1338 229 1372 enim
243 1337 339 1372 vires
360 1336 520 1383 corporis
533 1337 837 1386 recuperaverat).
893 1338 919 1373 J
921 1351 979 1373 am
999 1339 1110 1374 duces
1130 1339 1348 1386 singillatim

128 1409 250 1444 regem
263 1396 482 1431 salutabant.
540 1395 674 1432 Subito
687 1398 787 1432 canis
800 1410 882 1433 cum
897 1410 1006 1434 saevo
1021 1398 1157 1434 latratu
1173 1399 1346 1446 equitem,

129 1469 216 1493 auro
245 1459 281 1492 et
308 1458 406 1491 ostro
435 1455 630 1503 insignem,
663 1469 709 1491 ex
741 1469 835 1504 equo
863 1457 905 1492 in
937 1457 1128 1504 pulvErem
1162 1459 1344 1496 deturbat.

131 1516 294 1554 Comites
322 1528 406 1551 cum
433 1515 589 1551 clamore
618 1519 821 1552 occurrunt.
892 1517 946 1552 At
973 1529 1045 1562 rex,
1077 1517 1348 1563 “Consistite‚’'

128 1575 264 1622 inquit,
296 1574 439 1610 “amici
452 1587 463 1620 3
485 1575 588 1622 justa
616 1578 672 1611 est
699 1587 828 1622 poena,
849 1574 911 1611 hic
930 1576 1031 1612 enim
1050 1588 1175 1613 meum
1201 1578 1348 1626 signum

130 1631 319 1673 violavit.⁷’

447 1743 509 1793 36.
546 1742 629 1782 The
648 1743 851 1794 Faz'tlzful
864 1744 1033 1786 Homul.

184 1830 398 1868 Cambricus
430 1829 529 1875 olim,
550 1842 631 1865 acer
648 1833 814 1875 venator,
844 1831 991 1867 fidelem
1019 1832 1181 1869 habebat
1208 1845 1346 1879 canem,

130 1892 280 1927 nomine
296 1890 495 1926 Gelertum.
553 1889 656 1925 Dum
675 1889 760 1937 ipse‘
773 1891 813 1925 in
833 1891 938 1927 silvis
957 1892 1072 1936 abest,
1093 1905 1222 1928 canem
1241 1905 1348 1940 saepe

130 1949 362 1997 relinquebat
390 1949 495 1996 parvi
530 1949 600 1984 filii
636 1950 834 1986 custodem.
896 1951 1110 1998 Aliquando
1146 1955 1246 1988 more
1281 1965 1348 1989 suo

132 2010 302 2046 Gelertus
329 2009 523 2045 dominum
550 2008 720 2044 reducem
740 2022 822 2045 cum
842 2010 939 2047 laeto
966 2012 1124 2047 clamore
1150 2012 1344 2048 salutabat.

129 2069 184 2105 At
201 2069 326 2105 subito
345 2069 517 2104 dominus
535 2072 664 2115 pectus
683 2070 763 2115 ejus
782 2073 819 2104 et
833 2070 963 2106 dentes
981 2071 1159 2117 sanguine
1178 2075 1348 2107 cruentos

128 2132 234 2165 notat
247 2142 257 2174 ;
285 2127 500 2175 perterritus
527 2139 640 2163 cunas
667 2128 773 2174 parvi
800 2129 868 2164 filii
895 2129 1001 2175 petit.
1058 2129 1166 2166 Eheu
1191 2142 1347 2178 puerum
