1401 2369
493 110 606 152 ‘Cui
621 110 643 125 ’²
671 110 838 152 Verbs.
1217 111 1262 146 41

47 237 84 269 et
101 234 388 270 mansuetudine
408 233 612 281 superabat.
670 234 780 269 Forte
795 233 967 269 Britanni
983 245 1067 269 cum
1087 233 1266 280 Hispanis

46 292 188 328 bellum
215 293 401 340 gerebant,
432 296 543 340 atque
576 293 719 340 equites
750 293 944 340 utriusque
978 293 1160 328 exerciti-is
1192 292 1266 327 fere

46 352 274 398 quotidianis
310 353 446 399 pugnis
482 353 580 388 vires
617 352 846 388 exercebant.
920 351 1135 399 Aliquando
1176 351 1265 386 dum

45 411 173 447 urbem
219 411 407 458 quandam
453 411 626 447 Britanni
666 414 895 459 oppugnant,
935 411 1137 458 Philippus
1182 423 1266 446 cum

44 471 170 517 paucis
216 471 416 507 comitibus
463 474 597 519 magna
641 484 755 507 manu
805 471 971 507 hostium
1016 470 1266 506 circumdatus

44 533 107 566 est.
165 529 245 565 Diu
274 534 311 566 et
339 531 470 566 acriter
494 531 612 566 nostri
631 531 885 578 Hispanorum
910 531 1092 578 impetum
1112 530 1265 566 sustine-

43 589 144 625 bant.
202 589 368 625 Tandem
397 590 597 638 Philippus
620 590 746 637 jaculo
774 591 935 638 graviter
960 591 1178 627 vulneratus
1197 592 1261 626 est.

43 647 135 684 Post
153 661 317 696 pugnam
338 649 428 685 dum
443 650 595 685 comites
609 650 740 685 maesti
758 649 981 697 Philippum
999 649 1265 685 moribundum

42 708 90 745 ad
109 713 227 746 castra
246 712 446 757 reportant,
468 709 603 756 aliquis
622 710 656 746 ei
674 710 815 757 galeam
842 722 957 757 aquae
980 710 1128 757 plenam
1147 709 1260 746 dedit.

44 769 115 805 me
133 773 270 814 autem,
291 770 360 805 etsi
379 769 461 804 sitis
480 769 603 805 fauces
631 769 773 814 urebat,
794 769 917 815 militi,
939 770 1005 816 qui
1033 782 1109 805 non
1136 769 1264 816 procul

38 829 187 875 jacebat
206 829 412 876 avidis-que
433 829 548 864 oculis
567 841 702 876 aquam
730 828 920 873 lustrabat,
943 828 1117 876 poculum
1137 828 1241 865 dedit
1252 841 1263 874 3

47 888 218 925 “Nonne
238 888 350 936 hujus
370 889 558 934 vulnera,⁷⁷
578 889 712 936 inquit,
737 892 758 908 ‘⁶
770 889 936 936 graviora
954 893 1043 925 sunt
1061 888 1201 925 meis2’'

440 1127 467 1147 “
482 1129 587 1165 CUI
605 1128 628 1148 ’³
657 1101 869 1166 VERBs.

98 1217 123 1273 ξ
153 1219 216 1258 23.
246 1219 286 1258 Α
316 1219 394 1258 few
424 1220 568 1266 Verbs,
599 1219 734 1259 which
769 1233 826 1259 we
862 1219 1010 1259 should
1045 1223 1190 1271 expect
1219 1223 1261 1259 to

41 1295 191 1334 govern
212 1295 264 1321 an
280 1283 538 1329 Accusative,
554 1283 616 1322 for
637 1295 747 1322 some
767 1296 910 1322 reason
932 1296 976 1322 or
996 1283 1111 1322 other
1131 1282 1261 1334 prefer

41 1346 110 1386 the
131 1346 293 1386 Dative.
353 1346 437 1385 The
459 1350 565 1385 most
586 1359 774 1385 common
794 1359 916 1386 are—

373 1424 511 1470 Pareo,
532 1436 665 1475 pareo,
685 1423 837 1475 placeo,

373 1487 520 1534 Faveo,
541 1500 676 1534 noceo,
698 1488 840 1536 servio,

373 1550 556 1597 Invideo,
579 1551 700 1598 nubo,
720 1552 897 1602 ignosco,

372 1613 590 1661 Maledico,
611 1613 813 1666 indulgeo,

92 1715 132 1753 A
151 1713 302 1753 Dative
321 1713 356 1753 is
386 1711 595 1763 naturally
615 1711 716 1751 used
735 1714 777 1749 to
808 1710 1010 1762 complete
1040 1709 1109 1749 the
1141 1722 1257 1749 sense

39 1778 144 1818 after
163 1777 263 1818 such
285 1776 525 1829 AdJectives
546 1789 645 1815 as—

316 1856 501 1903 Amicus,
520 1853 646 1901 utilis,
668 1853 826 1901 similis,

315 1919 589 1971 Propinquus,
607 1917 820 1964 finitimus,
840 1929 923 1968 par,
945 1920 1016 1957 etc.
