1401 2369
137 101 185 136 64
566 100 920 142 Translations.

379 326 559 364 PIECES
588 327 691 363 FOR
719 326 1103 365 TRANSLATION.

510 442 574 481 91.
614 430 697 469 lee
717 430 996 470 Bloodlzomzd.

184 526 379 571 Robertus,
399 526 594 562 Scotorum
614 538 688 571 rex,
706 525 764 561 vir
783 529 820 561 et
838 526 948 561 armis
968 529 1005 561 et
1020 526 1159 562 virtute
1180 526 1347 574 insignis,

131 586 271 622 bellum
291 599 374 622 cum
394 586 584 621 Britannis
604 597 679 620 non
700 597 869 631 prospere
886 585 1004 632 primo
1019 586 1175 632 gerebat.
1233 586 1350 621 Erant

132 646 231 681 enim
252 646 291 680 in
310 646 438 680 castris
457 645 621 680 hostium
649 644 854 691 complures
883 644 995 688 Scoti,
1017 645 1082 692 qui
1101 645 1149 681 ob
1168 646 1350 692 privatam

130 706 313 741 invidiam
346 705 536 740 Britannis
566 704 749 739 auxilium
777 704 1012 751 praebebant.
1070 706 1129 741 Ex
1162 705 1220 741 his
1252 718 1350 741 unus

129 766 323 801 constituit
359 776 480 810 regem
518 776 645 811 capere
679 776 744 811 per
776 776 903 799 canem
936 764 1204 810 fidelissimum,
1239 778 1350 812 quem

128 825 207 872 ipse
235 825 375 859 donum
404 824 450 859 ab
479 836 520 859 eo
548 827 745 870 acceperat.
803 824 989 860 Robertus
1017 825 1121 867 forte,
1148 825 1350 872 majoribus

128 884 293 920 hostium
322 883 439 930 copiis
467 883 728 927 circumdatus,
759 895 844 919 suos
872 883 980 929 fugae
1013 886 1121 919 causa
1149 884 1190 919 in
1222 896 1350 919 omnes

128 948 249 991 partes
278 943 463 978 discedere
487 944 669 990 jusserat3
702 943 782 990 ipse
810 946 934 978 tamen
962 956 1046 978 cum
1066 955 1140 979 uno
1160 944 1293 979 comite
1311 956 1349 979 se

128 1004 168 1038 in
188 1003 300 1038 silvas
319 1002 476 1038 abdidit.
533 1002 587 1037 At
606 1002 742 1045 hostes,
764 1014 853 1037 cane
881 1002 996 1048 ducti,
1018 1003 1112 1049 regis
1140 1003 1349 1050 perfugium

129 1062 235 1098 facile
267 1063 502 1097 invenerunt.
561 1061 634 1096 Hic
669 1065 793 1097 autem
826 1061 962 1097 latratu
994 1063 1095 1098 canis
1125 1062 1348 1107 admonitus,

129 1134 193 1169 per
220 1122 367 1157 alveum
395 1121 562 1156 fluminis
582 1121 655 1156 duo
675 1121 795 1156 millia
823 1133 998 1167 passuum
1018 1121 1248 1167 ambulavit3
1276 1134 1350 1169 quo

129 1181 282 1217 consilio
315 1192 442 1215 saevos
475 1179 599 1214 hostes
636 1179 756 1214 elusit.
815 1180 929 1216 Canis
957 1181 1067 1226 enim,
1097 1181 1163 1228 qui
1195 1182 1351 1228 vestigia

130 1240 272 1276 domini
291 1241 386 1274 terra
406 1251 623 1286 cognoscere
643 1242 799 1286 poterat,
820 1242 915 1286 aqua
934 1241 1086 1276 omnino
1105 1240 1221 1276 salsus
1240 1244 1304 1277 est.

368 1406 433 1446 92.
471 1394 554 1433 lee
575 1394 848 1433 Bloodlzomzd
867 1395 1126 1446 (continued).

138 1486 141 1489 ⁷
183 1485 387 1532 Postquam
420 1483 511 1519 duas
543 1483 651 1518 horas
683 1483 724 1518 in
756 1482 851 1518 silva
884 1482 1103 1518 densissima
1130 1488 1348 1528 erraverant,

131 1545 284 1581 tandem
312 1557 377 1580 rex
406 1555 612 1590 comes-que
640 1542 763 1578 fidelis
792 1543 913 1578 tribus
932 1543 1022 1577 viris
1049 1544 1211 1587 armatis,
1231 1545 1351 1591 specie

131 1605 256 1647 feroci,
273 1604 421 1639 obviam
441 1604 600 1639 iverunt.
659 1603 741 1638 Rex
757 1605 892 1646 tamen,
908 1603 978 1637 etsi
997 1602 1064 1638 hos
1084 1604 1123 1638 in
1142 1604 1351 1650 suspicione

132 1664 277 1708 habuit,
316 1664 412 1698 fame
449 1663 649 1706 confectus,
684 1662 891 1708 hospitium
928 1662 1057 1696 datum
1095 1674 1171 1697 non
1207 1662 1348 1698 abnuit.

134 1724 231 1760 Inde
250 1723 383 1758 ductus
412 1722 458 1756 ad
487 1734 616 1764 casam,
639 1733 732 1768 quae
760 1721 861 1756 haud
889 1721 1018 1768 procul
1037 1721 1173 1765 aberat,
1194 1722 1352 1769 benigne

134 1786 306 1830 aceeptus
325 1785 380 1816 est
399 1793 419 1816 a
438 1781 656 1824 latronibus,
679 1781 744 1827 qui
763 1784 879 1816 totam
908 1793 1014 1816 ovem
1044 1784 1234 1824 coxerunt,
1255 1793 1352 1829 mag-

135 1854 308 1889 nam-que
321 1845 461 1887 partem
476 1839 631 1875 advenis
646 1839 837 1875 dederunt.
887 1839 978 1875 Post
993 1852 1143 1875 coenam
1155 1839 1348 1884 Roberbus,

135 1903 246 1949 lengo
272 1901 397 1936 labore
425 1899 600 1942 defessus,
621 1910 750 1933 somno
779 1910 856 1933 sese
884 1898 997 1935 dedit.
1056 1898 1188 1935 Comes
1214 1902 1350 1945 tamen,

135 1963 201 2011 qui
232 1973 254 1998 a
284 1972 366 2006 rege
394 1958 546 2005 vigilare
572 1959 700 2004 jussus
737 1961 824 2001 erat,
853 1958 956 2004 gravi
988 1970 1117 1993 somno
1145 1971 1349 2006 oppressus,

138 2021 297 2057 officium
317 2018 451 2055 omisit.
508 2018 603 2052 Tum
622 2017 794 2062 latrones,
817 2018 882 2064 qui
910 2018 982 2064 ipsi
1009 2029 1181 2053 somnum
1206 2019 1339 2054 simula

138 2084 278 2125 verant,
307 2079 437 2114 furtim
464 2076 641 2124 petebant
668 2088 748 2111 eam
776 2081 918 2123 partem
947 2088 1058 2121 casae,
1088 2079 1161 2124 qua
1188 2077 1353 2125 hospites

137 2139 378 2177 dormiebant,
