1401 2369
492 80 841 121 Translations.
1224 79 1268 117 71

285 310 370 349 103.
408 299 447 339 T
444 299 492 337 lte
511 299 618 338 Lost
639 298 765 339 Clzz'ld
782 298 1045 350 (continued).

112 407 238 444 Prima
272 407 354 443 luce
391 407 507 442 vicini
550 405 712 452 regressi,
751 409 947 452 postquam
991 417 1161 453 magnam
1198 405 1274 442 diei

59 470 201 514 partem
234 479 389 513 puerum
420 466 555 501 frustra
587 465 853 511 quaesiverant,
883 465 1044 509 domum,
1078 468 1121 501 ut
1152 468 1273 510 antea,

60 527 316 562 discesserunt.
372 525 483 561 Forte
510 524 576 560 illo
603 524 663 560 die
682 524 774 559 Afer
793 528 954 568 venator,
973 525 1151 571 agricolae
1176 525 1272 561 bene

59 588 180 630 notus,
198 586 263 632 qui
282 597 302 620 a
320 585 401 620 loco
415 584 570 620 distanti
584 584 653 619 iter
667 583 836 627 faciebat,
853 583 899 618 acl
914 584 1073 619 fundum
1089 584 1269 631 pervenit.

59 645 259 681 Neminem
297 648 422 679 tamen
457 643 557 679 intra
593 643 746 678 domum
782 643 929 678 invenit
972 646 1115 689 praeter
1159 655 1272 678 anum

59 717 213 748 caecam,
249 715 342 750 quae
373 715 460 750 prae
492 705 682 738 senectute
714 701 805 737 alios
838 702 885 737 ad
916 702 1029 737 silvas
1060 702 1165 749 sequi
1197 714 1273 738 non

60 766 237 811 potuerat.
312 763 431 809 Quam
463 775 539 798 rem
571 762 737 807 miratus,
772 774 918 797 causam
954 774 1000 797 ex
1034 761 1116 809 ipsa.
1150 762 1269 809 petiit.

59 824 155 859 Inde
174 823 220 858 de
239 823 401 870 periculo
429 821 585 857 infantis
613 821 744 857 certior
763 821 893 865 sactus,
914 824 1083 868 parentes
1102 821 1275 857 advocari

56 883 178 930 jussit.
235 882 331 917 Tum
350 881 506 929 pallium
526 881 631 928 pueri
646 893 712 916 suo
728 881 809 916 cani
829 880 1002 916 ostendit.
1057 880 1131 916 Hic
1150 884 1274 916 autem

59 947 199 979 vestem
231 942 414 985 odoratus,
445 953 506 976 eos
537 941 584 976 ad
616 940 824 976 densiorem
851 940 984 975 silvam
1011 939 1179 986 adduxit,
1208 940 1273 976 ubi

59 1003 128 1038 sub
156 1001 310 1046 antiqua
336 1012 472 1047 quercu
499 1012 655 1047 puerum
683 999 828 1046 placide
856 999 1100 1035 dormientem
1126 999 1272 1035 invene-

58 1064 154 1097 runt.

462 1236 549 1275 104.
579 1225 722 1264 Dumb
745 1225 881 1265 δήσω.

111 1336 294 1370 Admetus
320 1334 379 1369 vir
405 1346 545 1381 pauper
573 1333 638 1368 sed
670 1332 769 1368 idem
796 1333 869 1368 acri
896 1334 1045 1381 ingenio
1072 1336 1272 1383 praeditus,

59 1394 158 1442 quod
177 1393 275 1429 nihil
294 1393 368 1429 eibi
387 1392 533 1428 duobus
553 1392 683 1428 diebus
711 1396 933 1439 gustaverat,
955 1393 1052 1430 fame
1071 1395 1270 1442 deperibat.

61 1454 182 1489 Tertio
201 1456 325 1488 autem
344 1453 415 1497 die,
438 1452 528 1488 dum
547 1451 655 1487 aedes
675 1451 891 1498 splendidas
910 1454 1096 1500 praeterit,
1111 1467 1131 1490 a
1149 1459 1273 1502 portae

63 1512 211 1549 custode
230 1512 372 1559 aliquid
391 1511 465 1547 cibi
494 1511 613 1558 petiit.
671 1511 745 1546 Hic
764 1517 888 1547 autem
908 1512 1069 1548 hominis
1087 1514 1274 1551 miseritus

63 1572 171 1620 jussit
193 1583 277 1606 eum
296 1571 447 1606 domum
474 1570 629 1617 ingredi,
650 1573 761 1616 atque
789 1570 836 1605 ab
862 1571 943 1617 ipso
971 1571 1121 1608 domino
1149 1573 1273 1609 cibum

61 1634 193 1678 petere.
249 1629 444 1674 Admetus,
473 1629 523 1675 id,
554 1629 653 1676 quod
685 1630 908 1676 imperatum
935 1633 1000 1675 est,
1030 1631 1129 1677 facit,
1159 1632 1273 1669 domi-

61 1702 224 1737 numque
238 1689 277 1724 in
291 1689 383 1724 atrio
398 1689 587 1724 sedentem
601 1689 757 1724 invenit.
816 1689 898 1735 Qui,
913 1690 979 1725 ubi
995 1703 1072 1726 rem
1087 1693 1271 1738 cognovit,

64 1749 244 1797 “Agite‚'’
270 1749 405 1795 inquit,
429 1750 451 1766 “
466 1748 573 1793 servi,
602 1760 735 1795 aquam
763 1760 873 1795 quam
901 1748 1086 1785 celerrime
1113 1751 1272 1788 afferte.''

61 1809 208 1846 Deinde
236 1808 422 1856 paulisper
448 1806 621 1851 m6ratus,
643 1809 712 1843 etsi
740 1808 967 1855 apparebant
993 1821 1059 1844 nec
1088 1810 1184 1846 servi
1205 1823 1272 1847 nec

60 1882 166 1917 aqua,
187 1880 317 1904 manus
340 1867 499 1902 lavantis
519 1870 662 1913 gestum
681 1867 848 1902 imitatus
868 1871 931 1903 est.
988 1869 1182 1915 Admetus,
1204 1872 1272 1906 etsi

60 1941 98 1964 re
142 1928 230 1964 satis
271 1926 453 1962 attonitus
498 1929 564 1970 est,
601 1929 725 1961 tamen
770 1927 870 1973 quod
915 1927 1036 1963 noluit
1080 1929 1271 1966 dominum

61 1987 254 2031 offendere,
287 1986 387 2022 idem
419 1985 516 2022 fecit.
571 1985 720 2021 Deinde
752 1986 925 2022 dominus
960 1998 1084 2023 servos
1114 1989 1272 2036 primam

54 2061 182 2084 cenam
213 2060 396 2095 apponere
420 2047 545 2093 jussit,
576 2052 613 2081 et
640 2052 820 2093 tanquam
848 2060 953 2083 veras
986 2049 1100 2096 dapes
1132 2053 1170 2086 et
1197 2049 1274 2098 ipse

55 2108 133 2144 edit
152 2112 188 2144 et
207 2107 347 2155 hospiti
367 2107 528 2154 praebet.
