1401 2369
502 86 853 127 Translations.
1241 87 1288 124 39

311 287 373 337 56.
410 285 495 326 lee
512 284 766 338 Lzssglztlcouse
787 284 1053 337 (continued).

118 384 285 421 Fuerunt
298 384 387 421 olim
400 385 537 419 multos
552 384 630 419 dies
643 383 841 419 continuae
857 386 1093 429 tempestates
1103 397 1113 428 3
1136 382 1287 418 tandem

66 444 144 480 dies
163 444 386 492 tranquillus
405 443 577 479 succedit.
633 443 659 479 J
662 455 806 490 am-que
825 442 953 490 procul
973 455 992 478 e
1007 443 1100 478 turri
1118 442 1288 479 custodes

66 518 235 553 magnam
263 506 449 553 aspiciunt
476 517 618 551 navem,
640 517 733 551 quae
761 505 802 540 in
829 504 990 551 scopulis
1018 503 1167 550 haeret3
1200 517 1288 540 mox

66 566 177 601 etiam
213 578 348 613 paucos
384 565 515 601 vident
551 567 692 610 nautas,
728 564 793 612 qui
830 564 1002 600 manibus
1039 564 1145 612 signa
1182 565 1285 610 dant,

65 625 331 672 auxilium-que
368 628 508 673 petunt.
584 625 679 660 Tum
715 625 819 672 virgo
860 624 1026 660 animosa
1063 637 1148 660 cum
1184 629 1288 673 patre

65 697 216 732 parvam
235 686 409 733 scapham
437 685 599 730 deducit,
621 688 657 720 et
676 685 786 720 remis
813 684 992 731 velis-que
1020 696 1155 721 navem
1178 685 1287 721 ambo

65 748 208 792 petunt.
266 744 445 791 Undique
477 745 646 792 ingentes
678 744 814 779 fluctus
846 743 1055 791 surgebant,
1089 745 1156 780 vix
1187 745 1287 781 enim

65 807 267 841 cessaverat
303 804 486 852 procella3
522 804 627 839 nullo
655 807 780 839 tamen
812 803 976 850 periculo
1004 803 1061 839 illi
1089 806 1284 849 terrentur,

65 863 129 899 sed
156 876 176 900 e
202 866 320 900 morte
347 868 479 900 nautas
507 864 682 910 eripiunt,
710 875 924 911 omnes-que
951 866 1053 899 tutos
1081 864 1127 899 ad
1155 865 1286 900 turrim

65 925 262 971 reportant.

502 1165 561 1207 57.
594 1156 708 1196 [risle
732 1157 856 1197 Stew.

117 1273 164 1310 In
184 1273 366 1310 Hibernia
385 1276 463 1310 erat
482 1273 571 1309 olim
590 1286 723 1321 magna
741 1274 866 1318 sames,
888 1286 981 1321 quae
1002 1273 1140 1310 incolas
1160 1284 1284 1310 earum

62 1333 255 1380 regionum
281 1333 321 1369 iu
350 1333 468 1369 diram
495 1333 660 1380 inopiam
688 1333 877 1379 redigebat
891 1346 902 1378 3
934 1333 1044 1368 multi
1077 1334 1189 1369 etiam
1221 1346 1284 1381 spe

63 1392 218 1439 praedae
246 1392 293 1428 ad
320 1392 492 1437 latrones,
513 1393 578 1439 qui
607 1392 718 1428 silvas
746 1391 986 1437 infestabant,
1000 1404 1038 1427 se
1060 1392 1279 1439 jungebant.

64 1453 173 1488 Forte
192 1456 266 1489 tres
285 1452 446 1489 latrones
466 1453 609 1500 vesperi
628 1465 748 1488 casam
775 1453 948 1499 pauperis
976 1452 1155 1499 agricolae
1174 1453 1284 1488 intra-

64 1516 209 1558 verunt,
242 1512 441 1560 minis-que
473 1513 591 1548 saevis
623 1512 749 1548 cibum
781 1512 1030 1559 postulabant.
1089 1512 1128 1549 Is
1159 1512 1282 1560 igitur,

64 1573 124 1608 cui
156 1572 252 1608 nihil
284 1572 359 1608 cibi
392 1573 543 1608 omnino
575 1576 774 1620 supererat,
804 1572 870 1607 diu
902 1572 1100 1618 haerebat3
1133 1573 1283 1609 tandem

65 1631 240 1667 callidum
258 1631 327 1667 hoc
344 1632 539 1667 consilium
555 1632 725 1679 concipit.
774 1631 833 1667 Ex
852 1634 933 1667 arca
949 1632 1107 1678 quadam
1123 1632 1284 1667 detrahit

64 1692 219 1740 pallium
238 1691 549 1739 antiquissimum,
570 1692 671 1739 quod
690 1695 726 1727 et
745 1695 848 1739 pater
866 1695 903 1727 et
922 1704 1013 1728 avus
1033 1692 1166 1728 diebus
1181 1693 1283 1728 festis

63 1752 248 1800 gerebant.
305 1752 386 1788 Hoc
405 1752 471 1787 ubi
498 1753 539 1787 in
566 1752 685 1788 frusta
709 1752 828 1787 cultro
856 1752 1043 1796 diviserat,
1064 1764 1283 1799 aquam-que

63 1813 265 1858 addiderat,
279 1824 379 1848 more
393 1812 490 1858 juris
505 1812 616 1856 coxit,
634 1812 832 1859 dapes-que
847 1811 938 1848 viris
952 1812 1095 1859 jejunis
1115 1813 1279 1859 apponit.

64 1874 117 1909 Hi
148 1872 257 1909 avide
290 1872 415 1908 cibum
447 1872 636 1917 devorant,
671 1873 954 1919 agricolam-que
991 1872 1155 1910 laudant.
1231 1873 1283 1909 At

62 1933 186 1969 subito
218 1932 361 1979 aliquid
392 1932 433 1967 in
465 1932 634 1967 faucibus
665 1932 778 1967 unius
810 1944 857 1967 ex
889 1931 1097 1968 latronibus
1134 1932 1282 1978 haeret;

65 1991 206 2040 ingenti
225 1991 320 2028 tussi
353 1995 511 2027 aeratam
530 1991 684 2027 fibulam
703 1992 854 2039 respuit.
915 1992 1051 2038 “Quid
1079 1995 1134 2028 est
1162 1991 1280 2028 h002’‘

6 2079 12 2083 -
61 2054 195 2101 inquit.
255 2051 469 2099 “Nempe‚'’
497 2052 687 2098 respondit
715 2052 882 2099 agricola,
907 2052 994 2097 “id,
1024 2052 1125 2100 quod
1162 2052 1281 2088 solum

61 2115 226 2161 superest
245 2112 290 2150 de
309 2112 423 2160 pallio
443 2111 618 2159 egregio.'’
