1401 2369
146 152 167 189 7
171 151 195 188 8
572 151 925 192 Translations.

591 326 605 353 1
619 326 632 353 1
644 323 676 365 5.
707 315 925 354 Bonneted.

193 412 347 448 Mulieri
365 412 521 457 cuidam,
541 423 635 459 quae
654 412 767 458 Arpis
787 411 990 455 habitabat,
1011 423 1077 447 vas
1104 413 1181 447 erat
1199 410 1357 446 ferreum

140 471 241 507 haud
260 472 313 506 ita
331 484 516 518 magnum,
533 483 606 518 quo
626 471 751 506 cibum
766 483 920 517 coquere
935 470 1086 508 solebat.
1143 470 1220 505 Fur
1234 472 1359 505 autem

140 530 342 577 improbus,
362 531 452 566 (lum
471 530 551 577 ipsa
570 530 684 575 abest,
701 530 852 565 domum
873 530 1058 576 ingressus
1076 541 1142 565 vas
1161 529 1285 576 rapuit
1304 529 1359 564 in-

139 601 211 636 que
239 588 350 625 silvas
378 590 504 624 evasit.
562 588 645 634 Qui,
668 589 768 635 quod
796 601 860 625 vas
892 601 1001 635 grave
1035 591 1122 633 erat,
1153 600 1220 623 nec
1249 587 1358 623 facile

140 651 299 695 portatu,
337 648 451 695 capiti
486 660 579 683 onus
616 648 805 695 imposuit,
839 648 996 694 iter-que
1032 647 1206 695 pergebat
1238 647 1356 694 primo

138 708 282 743 cautius
296 721 306 753 3
324 708 458 743 deinde
474 708 630 743 clamore
645 708 879 755 sequentium
895 708 1121 755 perterritus,
1136 706 1357 754 properandi

137 773 256 814 causa,
284 782 424 805 currere
451 770 593 817 incipit.
650 770 704 805 At
731 782 796 806 vas
828 770 952 805 subito
980 773 1085 805 motu
1114 769 1317 814 turbatum,
1337 781 1357 804 e

136 842 281 866 summo
309 830 428 876 capite
459 830 507 865 ad
536 830 708 865 humeros
740 829 895 877 lapsum,
931 832 1053 865 totum
1085 829 1236 865 vultum
1264 829 1356 864 furis

136 890 290 926 obtexit.
347 889 442 924 Tum
465 890 506 933 is,
528 890 628 936 quod
656 901 723 925 nec
746 890 889 924 diutius
916 889 1016 924 viam
1043 888 1170 924 videre
1198 891 1353 935 poterat,

135 961 202 984 nec
233 948 308 984 ullo
335 948 446 984 modo
474 952 585 995 caput
612 949 805 984 extrahere
839 961 885 984 ex
917 960 1014 993 vase,
1044 948 1145 995 quod
1172 948 1355 983 artissime

134 1008 318 1052 haerebat,
357 1020 506 1043 cursum
546 1020 622 1043 non
665 1009 796 1044 tenuit.
872 1009 1005 1054 Itaque
1047 1019 1068 1043 a
1111 1007 1355 1054 sequentibus

133 1071 274 1115 captus,
294 1067 482 1103 manifesti
501 1066 627 1102 delicti
646 1079 782 1114 poenas
802 1067 972 1103 exsolvit.

552 1213 565 1239 1
580 1201 638 1240 16.
677 1201 760 1239 The
780 1202 941 1241 Falcon.

184 1288 296 1325 Caius
328 1288 466 1324 nobilis
497 1288 650 1335 quidam
683 1288 887 1335 Hispanus,
913 1288 1077 1324 venandi
1104 1287 1230 1324 studio
1257 1299 1352 1323 com-

131 1348 254 1396 plures
291 1360 398 1383 canes
438 1348 715 1394 accipitres-que
752 1347 855 1383 domi
890 1347 1020 1383 alebat.
1097 1347 1190 1383 Mox
1227 1350 1350 1383 autem

130 1419 269 1454 pauper
295 1406 414 1442 factus
441 1419 568 1442 omnes
596 1406 756 1442 vendere
783 1409 929 1442 coactus
962 1409 1028 1451 est,
1057 1410 1201 1454 praeter
1232 1419 1350 1442 unum

129 1467 350 1513 accipitrem,
380 1479 491 1513 quem
522 1467 682 1502 maxime
715 1466 871 1502 amabat.
928 1466 1042 1502 Haud
1075 1467 1203 1514 procul
1232 1467 1280 1503 ab
1308 1479 1349 1503 eo

128 1527 207 1562 loco
240 1538 324 1561 cum
356 1538 470 1573 parvo
502 1526 579 1561 filio
612 1526 805 1561 habitabat
834 1526 978 1571 Fulvia,
1008 1526 1147 1562 femina
1174 1527 1281 1563 dives
1313 1530 1350 1563 et

127 1598 246 1630 avara,
281 1598 392 1632 quam
424 1585 561 1620 multos
594 1597 658 1632 per
694 1598 810 1621 annos
844 1585 956 1622 Caius
994 1586 1034 1621 in
1071 1587 1349 1622 matrimonium

127 1646 258 1681 ducere
285 1645 444 1681 volebat.
503 1645 575 1680 Illa
603 1648 738 1689 autem,
769 1646 838 1681 etsi
870 1647 1011 1682 amanti
1042 1647 1161 1693 primo
1194 1647 1346 1692 faverat,

127 1705 279 1752 pauperi
306 1705 446 1740 nubere
477 1705 607 1741 noluit.
664 1705 775 1740 Forte
807 1705 962 1742 Fulviae
995 1706 1106 1751 filius,
1135 1706 1347 1754 accipitrem

126 1765 208 1802 Caii
235 1765 459 1812 jamdudum
492 1766 656 1811 miratus,
691 1765 817 1801 alitem
851 1767 1007 1813 optavit,
1042 1778 1110 1802 nec
1142 1766 1214 1802 alio
1248 1767 1346 1802 dono

126 1824 261 1872 placari
288 1827 455 1872 poterat,·
487 1825 639 1860 tandem
668 1825 844 1871 cupidine
872 1829 908 1860 et
936 1825 1062 1861 dolore
1089 1826 1279 1861 confectus
1307 1826 1347 1861 in

124 1896 274 1931 gravem
292 1884 462 1919 morbum
477 1884 620 1920 cecidit.
677 1884 773 1919 Tum
792 1888 909 1920 mater
927 1884 1060 1921 infelix
1081 1884 1214 1921 Caium
1229 1885 1347 1921 visere

124 1943 329 1988 constituit,
368 1955 560 1989 avem—que
605 1955 738 1989 rogare.
795 1943 849 1978 At
895 1943 1008 1979 Caius
1050 1944 1118 1979 ubi
1153 1943 1346 1979 mulierem
1400 1953 1401 1964 ¹

123 2003 322 2038 adeuntem
349 2002 464 2046 videt,
494 2002 595 2049 quod
622 2002 720 2037 nihil
742 2003 822 2048 jam
850 2002 925 2038 cibi
953 2002 1055 2038 domi
1081 2002 1254 2047 habebat,
1278 2015 1345 2038 nec

124 2074 204 2098 eam
222 2062 327 2097 nullo
347 2062 509 2108 accipere
532 2061 696 2108 hospitio
723 2061 913 2106 tolerabat,
936 2062 1058 2097 victus
1076 2074 1200 2097 amore
1217 2062 1345 2098 alitem

121 2121 351 2157 carissimum
367 2120 566 2167 interfecit,
583 2124 814 2168 coctum-que
830 2122 1022 2168 proposuit
1036 2120 1186 2168 hospiti.
1242 2121 1344 2157 Haec

122 2179 188 2216 ubi
201 2179 316 2215 sensit
331 2178 477 2223 Fulvia,
493 2179 560 2214 tali
579 2191 701 2215 amore
719 2179 898 2227 mitigata,
921 2179 1011 2217 Caio
1030 2179 1183 2215 tandem
1201 2179 1340 2227 nupsit.
1392 2217 1393 2220 ,

1399 2019 1401 2033 1
