1401 2369
159 142 206 178 82
587 140 940 182 Translations.

397 401 582 440 PIECES
612 402 714 439 FOR
742 402 1129 440 TRANSLATION.

439 520 524 548 121.
562 508 645 547 lee
677 508 924 558 Wonderful
938 509 1096 549 Jsland.

209 603 393 640 Mercator
410 604 574 651 quidam,
596 604 747 639 nomine
767 603 896 650 Sinon,
919 605 1019 652 quod
1039 617 1124 641 eum
1150 604 1319 641 cessandi
1336 610 1374 641 et

156 666 256 703 nihil
292 666 425 712 agendi
470 665 604 713 piguit,
642 665 806 712 pericula
841 666 953 702 maris
989 670 1131 703 tentare
1167 666 1369 703 constituit.

157 725 258 761 Navi
303 725 416 772 igitur
452 725 499 760 ad
545 724 661 761 Indos
697 729 837 771 vectus,
876 726 1006 773 primo,
1046 726 1147 773 quod
1191 725 1374 774 procellae

156 785 291 821 fluctus
310 784 510 831 agitabant,
530 785 635 832 gravi
654 787 790 820 nausea
809 797 1015 833 oppressus,
1036 788 1192 821 mortem
1216 785 1370 833 optavit.

158 845 251 881 Mox
287 848 422 890 autem,
461 844 526 880 ubi
572 844 629 880 vis
669 846 900 892 tempestatis
937 845 1164 890 mitescebat,
1203 845 1374 881 morbum

158 904 313 952 depulit.
371 903 504 939 Paucis
530 907 616 951 post
643 904 785 950 diebus,
807 904 897 940 dum
925 908 1051 952 aperto
1079 906 1171 941 mari
1198 905 1327 953 procul
1353 917 1375 941 a

158 970 267 1014 portu
285 966 492 1014 navigatur,
513 979 665 1014 parvam
685 967 857 1011 insulam,
879 967 983 1014 nigro
1003 967 1131 1013 colore,
1153 967 1255 1003 haud.
1282 967 1375 1003 mul-

158 1032 238 1063 tum
256 1039 366 1073 super
384 1038 517 1073 aquam
536 1026 771 1071 eminentem,
789 1030 923 1062 nautae
937 1027 1078 1063 vident.
1134 1026 1229 1062 Tum
1248 1039 1375 1063 omnes

159 1100 177 1123 e
208 1098 303 1122 nave
335 1086 478 1133 egressi,
508 1085 580 1120 huc
618 1085 707 1121 illuc
740 1098 805 1133 per
834 1089 950 1121 totam
982 1086 1143 1122 insulam
1169 1090 1376 1133 vagantur3

158 1145 308 1182 tandem
336 1146 460 1193 ignem
488 1144 684 1180 accendere
704 1146 899 1192 incipiunt.
958 1145 1092 1182 Subito
1121 1146 1190 1182 sub
1217 1146 1376 1194 pedibus

159 1206 237 1241 diro
265 1205 390 1241 sonitu
418 1204 542 1240 insula
569 1205 722 1240 evanuit
749 1205 791 1240 in
818 1205 948 1250 undas,
980 1218 1192 1253 omnes-que
1227 1206 1269 1241 in
1295 1217 1376 1253 gur-

157 1265 271 1312 gitem
314 1263 440 1300 hausti
477 1267 574 1299 sunt.
650 1263 864 1300 Monstrum
902 1265 1002 1300 enim
1046 1265 1242 1310 marinum,
1281 1277 1376 1312 quae

159 1324 280 1360 nautis
312 1323 435 1359 insula
467 1323 514 1358 ob
547 1323 846 1370 magnitudinem
879 1325 959 1360 visa
991 1327 1056 1370 est,
1079 1337 1098 1360 e
1131 1337 1258 1360 somno
1290 1324 1376 1372 igne

159 1384 372 1428 excitatum,
393 1383 432 1418 in
460 1395 559 1418 mare
593 1395 630 1418 se
659 1384 793 1420 mersit.
853 1383 934 1430 Quo
967 1396 1052 1419 casu
1085 1396 1212 1420 omnes
1243 1387 1376 1420 nautae

158 1443 345 1490 perierunt
359 1455 369 1487 3
406 1441 525 1478 Sinon
555 1446 690 1487 autem,
728 1446 860 1490 magna
896 1446 1087 1479 sustentus
1120 1443 1233 1489 trabe,
1266 1448 1401 1491 quam*

159 1503 252 1538 forte
281 1501 328 1537 ad
355 1502 479 1549 ignem
508 1501 660 1546 ferebat,
681 1503 844 1538 natando
872 1503 919 1538 ad
947 1505 1079 1538 terram
1108 1503 1273 1550 ignotam
1301 1515 1377 1550 per·
1400 1508 1401 1551 j

160 1562 273 1598 venit.

458 1730 544 1758 122.
583 1720 667 1758 The
688 1720 909 1758 Diamond
935 1719 1085 1771 Valley.

213 1826 331 1863 Sinon
361 1825 523 1873 quidem,
545 1829 665 1860 totum
693 1825 793 1860 diem
825 1837 890 1872 per
926 1825 1005 1860 loca
1037 1825 1180 1861 deserta
1207 1828 1393 1873 vagatus„

160 1886 262 1922 omni
280 1898 345 1933 spe
363 1884 504 1920 reditus
524 1884 689 1930 dejectus
709 1888 772 1920 est.
830 1885 883 1920 At
909 1887 1033 1930 noctu,
1054 1885 1144 1920 dum
1164 1884 1311 1930 dormit,
1332 1884 1393 1922 ad*

161 1945 295 1981 vallem
315 1944 505 1980 altissimis
525 1944 717 1979 montibus
735 1943 974 1979 interclusam
993 1943 1136 1991 ingenti
1154 1956 1222 1980 ave
1252 1947 1392 1991 raptus}

161 2008 224 2041 est.
280 2004 363 2040 Tali
393 2002 569 2039 miraculo
601 2003 784 2038 attonitus
815 2007 960 2050 postero
997 2003 1057 2038 die
1087 2002 1232 2050 aliquid.
1269 2003 1378 2039 etiam

161 2063 368 2099 mirabilius
405 2062 523 2106 vidit;
561 2064 640 2096 tota
677 2062 775 2097 enim
812 2062 922 2097 vallis
957 2062 1112 2109 gemmis
1149 2065 1276 2097 ornata
1312 2065 1376 2098 est.

163 2123 309 2159 Incolae
328 2123 442 2168 hujus
463 2125 577 2157 terrae
603 2122 703 2168 quod
722 2121 763 2156 in
782 2121 916 2157 vallem
937 2121 1111 2157 descendi
1141 2133 1218 2157 non
1245 2124 1377 2169 potest,

162 2194 322 2230 gemmas
341 2182 394 2217 ita
414 2180 581 2227 colligere
601 2181 729 2216 solent.
789 2179 952 2216 Summis
968 2180 1013 2216 de
1028 2180 1220 2216 montibus
1234 2192 1388 2216 carnemt
