1401 2369
526 82 879 123 Translations.
1264 85 1312 123 27

94 218 169 242 non
184 207 297 252 videt,
313 208 378 243 sed
396 208 562 254 undique
582 219 756 252 cruorem,
774 207 875 242 foedi
893 208 1104 243 certaminis
1117 209 1308 245 indicium.

95 265 231 302 Statim
247 279 350 303 caeco
362 267 482 302 furore
499 279 637 310 canem,
652 266 741 301 mali
756 270 953 310 auctorem,
965 266 1091 313 jacfilo
1106 268 1306 315 transfigit.

93 325 263 363 Gelertus
282 339 366 362 cum
385 328 524 373 gemitu
544 329 716 373 exspirat.
775 325 897 361 Simul
916 327 1089 362 dominus
1107 326 1149 361 in
1167 339 1310 363 recessu

90 386 237 423 aedium
274 388 458 423 infantem
480 388 595 431 videt,
617 386 763 422 salvum
793 390 903 433 atque
930 386 1164 423 incolumem.
1236 387 1310 423 Sed

89 445 191 483 haud
227 447 355 494 procul
383 447 429 482 ab
463 460 503 482 eo
531 447 612 482 loco
636 446 785 492 jacebat
812 446 943 492 ingens
976 445 1098 494 lupus.
1168 445 1307 484 Fidelis

90 506 188 542 enim
209 510 331 543 custos
350 507 467 543 vitam
486 506 641 541 infantis
661 506 714 541 ita
732 509 949 543 servaverat.

514 657 575 698 37.
614 646 700 685 The
723 646 875 697 Gosszp.

140 735 231 771 Erat
265 735 414 771 Timoni
449 747 544 770 uxor
583 733 738 780 garrula.
813 733 915 769 Haec
960 733 1162 781 aliquando
1208 735 1308 783 apud

88 795 263 830 seminam
295 795 456 830 vicinam
494 794 657 830 cenabat.
741 792 820 828 Diu
853 792 986 829 Timon
1018 805 1171 829 uxorem
1203 807 1307 830 suam

87 855 223 890 frustra
258 857 544 901 exspectaverat.
618 853 784 888 Tandem
829 852 945 888 iratus
981 853 1126 889 aedium
1163 858 1307 901 portam

88 914 241 959 obserat,
262 917 299 949 et
326 914 422 961 petit
448 913 579 949 cubile.
638 913 732 948 Mox
759 918 885 947 tamen
912 925 1007 948 uxor
1024 913 1142 948 redux
1170 914 1307 949 ostium

87 974 322 1009 vehementer
348 973 481 1020 pulsat.
550 973 699 1019 “Aperi
727 971 893 1007 celeriter
919 973 1098 1019 portam,’'
1126 973 1307 1008 exclamat

86 1033 160 1078 illa,
177 1036 199 1052 “
211 1046 336 1069 nonne
348 1033 475 1068 uxoris
488 1036 573 1068 tuae
586 1045 714 1068 vocem
727 1031 877 1067 audis2’'
918 1034 940 1051 “
953 1031 1147 1077 Minime‚·''
1161 1045 1308 1080 respon-

86 1093 142 1129 dit
160 1106 207 1128 ex
226 1093 340 1128 cubili
360 1094 557 1138 dominus,
586 1095 663 1128 “tu
690 1105 765 1128 non
795 1104 875 1128 mea
902 1104 997 1127 uxor
1024 1104 1071 1136 es,
1093 1104 1160 1127 nec
1179 1105 1307 1129 vocem

86 1155 187 1189 tuam
207 1164 408 1200 cognosco3
435 1165 516 1188 mea
535 1153 633 1188 enim
653 1165 747 1188 uxor
761 1153 839 1199 jam
860 1164 1005 1188 mecum
1023 1151 1167 1189 cubat.'’

376 1281 436 1330 38.
477 1279 559 1319 lee
583 1279 730 1330 Gosszp
752 1277 1015 1331 (continued).

134 1373 214 1409 Diu
245 1373 385 1409 femina
420 1384 545 1419 preces
582 1371 819 1419 producebat,
855 1371 921 1407 sed
956 1371 1115 1419 frustra3
1154 1372 1306 1410 tandem

83 1435 212 1471 dolum
239 1434 399 1481 parabat.
460 1434 481 1452 “
494 1433 530 1468 N
535 1433 581 1468 isi
609 1432 684 1476 tu‚''
704 1432 838 1479 inquit,
862 1434 1040 1479 “portam
1067 1434 1219 1481 aperies,
1240 1447 1305 1482 ego

81 1495 123 1530 in
165 1494 236 1529 1100
272 1493 410 1529 flumen
446 1493 648 1529 desiliam.'’
716 1491 838 1529 Simul
878 1492 918 1527 111
955 1505 1088 1540 aquam
1129 1506 1306 1541 magnum

82 1554 244 1601 lapidem
271 1553 448 1599 devolvit,
479 1556 516 1588 et
542 1565 621 1588 sese
647 1565 724 1588 non
751 1552 880 1600 procul
906 1552 1020 1589 abdit.
1077 1553 1149 1590 Vir
1179 1555 1305 1590 sonitu

81 1615 232 1652 territus
260 1615 396 1650 ostium
423 1614 552 1661 aperit,
582 1613 840 1661 properat-que
867 1613 915 1649 ad
941 1613 1070 1661 ripam.
1126 1614 1305 1651 Protinus

81 1675 255 1722 irrumpit
281 1675 322 1709 in
340 1674 448 1710 aedes
466 1687 569 1719 uxor,
597 1674 828 1720 obserat-que
855 1676 1009 1721 portam.
1066 1674 1220 1711 Frustra
1247 1676 1306 1712 vir

81 1734 217 1770 infelix
236 1733 372 1769 ostium
400 1733 525 1780 pulsat
536 1747 548 1779 3
578 1735 600 1752 “
613 1732 804 1778 Discede,⁷'
824 1732 949 1780 inquit
967 1745 1072 1781 uxor,
1095 1735 1173 1771 “tu
1191 1735 1301 1780 enim,

81 1801 125 1833 ut
143 1796 222 1844 ipse
241 1795 382 1839 dixisti,
403 1807 480 1830 non
499 1808 536 1831 es
555 1807 658 1831 meus
672 1795 846 1842 conjux.''

409 1936 469 1976 39.
507 1924 592 1964 Tlce
611 1926 732 1977 Siege
750 1927 802 1976 of
818 1925 967 1966 Calais.

133 2008 330 2045 Edvardus
376 2008 475 2052 olim,
522 2020 588 2044 rex
632 2007 909 2053 Britannorum,
953 2008 1084 2045 urbem
1121 2008 1303 2046 Gallicam

83 2068 328 2116 oppugnabat.
387 2067 467 2103 Diu
486 2067 628 2103 incolae
647 2067 836 2115 copiarum
854 2067 951 2115 regis
968 2069 1153 2115 impetum
1171 2072 1303 2117 magna¹

83 2140 167 2164 cum
185 2128 325 2164 virtute
344 2128 609 2164 sustinuerant.
664 2127 841 2171 Tandem,
863 2128 930 2163 ubi
957 2127 1055 2164 nihil
1081 2128 1157 2164 cibi
1183 2132 1304 2177 super-
