1401 2369
128 97 175 132 40
555 98 904 141 Translations.

494 283 554 332 58.
592 281 674 320 lee
697 282 966 323 Snowstomn.

170 378 314 415 Pastori
343 379 489 415 cuidam
517 380 591 415 duo
619 382 723 415 erant
750 379 829 424 filii,
851 379 989 416 Brutus
1016 384 1054 417 et
1080 381 1188 419 Nero.
1248 381 1333 428 Hic,

117 450 208 486 puer
243 442 383 485 acutus,
423 451 444 474 a
480 439 696 486 parentibus
732 440 926 486 praecipue
965 441 1157 477 amabatur
1171 455 1181 487 3
1225 441 1333 477 illum

118 502 254 542 tamen,
275 499 383 533 annis
402 499 594 543 seniorem,
615 510 742 533 omnes
765 498 922 534 stultum
950 500 1224 536 existimabant.
1281 500 1335 535 Hi

119 557 208 592 olim
229 569 313 592 cum
332 569 421 592 cane
439 569 505 593 suo
524 557 668 604 aliquas
687 557 864 604 petebant
883 571 980 605 oves,
997 571 1090 606 quae
1109 572 1173 606 per
1190 563 1335 595 montes

118 617 245 652 devios
282 620 499 652 erraverant.
574 616 684 652 Forte
721 617 810 652 dum
846 618 974 664 procul
1010 630 1031 654 a
1067 621 1148 654 casa
1183 620 1336 666 paterna

118 676 264 722 absunt,
303 688 363 712 eos
409 676 586 723 opprimit
630 688 705 712 nox
720 690 730 722 3
775 677 886 712 simul
931 677 997 712 nix
1044 677 1168 713 crebra
1212 678 1336 713 omnia

118 736 316 783 operiebat,
341 739 378 771 et
405 748 507 783 spem
535 735 676 771 reditfis
703 736 848 783 eripuit.
907 737 1070 772 Tandem
1098 737 1186 773 fessi
1211 736 1336 772 labore

118 795 187 831 sub
216 807 304 831 saxo
332 795 476 841 ingenti
504 807 581 830 sese
609 796 820 842 projiciunt,
842 800 1085 843 mortem-que
1104 799 1332 844 exspectant.

118 855 212 891 Tum
231 855 370 890 Brutus
385 867 404 890 e
418 854 513 890 collo
528 854 651 890 fratris
669 855 839 900 taeniam,
857 855 997 890 donum
1017 855 1144 891 matris
1159 855 1335 901 detrahit,

119 918 232 962 eaque
251 919 429 950 cervicem
459 914 558 949 canis
578 914 779 950 circumdat
792 928 802 959 ;
833 915 980 962 “Age,'⁷
1003 915 1137 962 inquit,
1161 918 1337 962 “patrem

119 975 236 1022 pete.''

358 1137 417 1179 59.
455 1128 538 1168 The
561 1129 819 1169 Snowstorm
841 1127 1100 1180 (continued).

170 1225 328 1271 Interea,
349 1224 450 1272 quod
477 1225 582 1271 pueri
609 1225 776 1259 nondum
801 1227 1029 1268 revenerant,
1051 1224 1180 1271 ingens
1203 1223 1337 1260 sollici-

118 1286 209 1322 tudo
242 1285 397 1332 pastoris
429 1284 595 1320 animum
622 1284 794 1331 agitabat.
853 1282 987 1319 Subito
1024 1283 1200 1319 latratum
1231 1284 1337 1320 audit

118 1345 219 1381 canis
232 1358 242 1390 3
270 1349 414 1392 portam
442 1344 560 1391 aperit
573 1357 583 1389 3
611 1343 716 1378 videt
743 1355 880 1388 canem,
902 1344 967 1390 qui
995 1343 1155 1379 taeniam
1182 1343 1241 1379 sui
1268 1343 1337 1379 filii

119 1405 275 1453 gerebat.
334 1404 441 1439 Hane
461 1403 528 1438 ubi
547 1404 605 1438 vir
623 1403 788 1449 agnoseit
807 1403 885 1438 sine
904 1405 1006 1438 mora
1020 1402 1136 1438 facem
1155 1402 1334 1448 accendit,

119 1470 155 1501 et
175 1477 259 1500 cum
279 1476 367 1499 cane
395 1462 507 1508 fideli,
530 1462 623 1498 duce
650 1462 743 1506 viae,
765 1462 915 1498 tandem
943 1462 989 1498 ad
1017 1462 1139 1509 ipsum
1166 1463 1337 1510 pervenit

118 1524 323 1571 scopulum,
344 1523 414 1558 sub
441 1534 514 1569 quo
543 1522 647 1569 pueri
671 1521 853 1569 jacebant.
910 1521 984 1557 Hic
1011 1533 1096 1557 vero
1116 1521 1220 1557 triste
1238 1533 1337 1569 spec-

119 1584 284 1620 taculum
312 1583 434 1618 visum
464 1586 542 1627 est,
575 1581 675 1617 Nero
703 1581 814 1625 enim,
844 1593 954 1627 quem
982 1581 1094 1616 frater
1125 1592 1191 1616 suo
1223 1581 1336 1628 pallio

119 1647 272 1689 texerat,
290 1643 433 1691 placide
453 1641 670 1685 dormiebat,
687 1644 725 1676 at
744 1640 892 1684 Brutus,
911 1640 976 1686 qui
994 1652 1103 1675 suum
1117 1652 1248 1687 corpus
1267 1640 1336 1676 hoc

119 1704 229 1740 modo
261 1703 476 1746 nudaverat,
512 1713 620 1737 saevo
652 1700 736 1747 gelu
768 1699 932 1746 rigebat,
969 1711 1055 1735 nam
1090 1711 1183 1747 puer
1218 1700 1333 1746 fortis,

121 1777 230 1812 quem
262 1766 411 1811 propter
442 1761 636 1808 segnitiam
670 1772 796 1796 omnes
824 1758 1053 1804 deridebant,
1084 1759 1200 1795 vitam
1233 1771 1334 1795 suam

121 1825 223 1860 fratri
243 1823 524 1860 condonaverat.

490 1995 553 2033 60.
585 1993 623 2031 Α
650 1992 780 2031 Noble
798 1992 959 2031 Action.

172 2095 383 2142 Philippus,
414 2104 525 2139 eques
553 2090 801 2134 Britannicus,
828 2090 919 2125 alios
946 2089 1089 2136 equites
1117 2088 1335 2124 fortitudine

120 2155 233 2190 animi
249 2153 495 2200 corporis-que
511 2150 652 2186 viribus
667 2148 867 2195 aequabat3
889 2159 1015 2183 omnes
1027 2151 1151 2183 tamen
1164 2147 1336 2182 comitate
