1401 2369
460 114 811 155 Translations.
1195 116 1242 153 79

359 294 375 322 Ι
388 292 446 333 17.
482 282 566 322 lee
585 281 779 322 Robber's
801 283 915 324 Cave.

83 374 223 410 Balbus
259 373 427 421 agricola,
467 374 533 421 qui
568 374 609 409 in
644 374 756 409 silvas
800 373 901 421 ligna
937 387 1082 411 caesum
1117 376 1244 419 iverat,

32 434 204 481 virgultis
224 434 390 470 occultus
411 445 581 480 magnam
599 445 752 468 manum
778 433 976 479 latronum,
997 435 1062 481 qui
1081 435 1245 480 adibant,

32 494 138 530 vidit.
197 493 271 539 Qui
298 493 389 529 dum
415 493 631 540 perterritus
658 492 806 528 nullum
833 505 967 529 sonum
994 494 1099 530 edere
1123 494 1246 540 audet,

31 554 110 589 dux
155 553 234 600 ipse
279 553 465 588 latronum
501 552 721 588 altissimam
765 564 895 599 rupem
939 565 1128 600 aggressus
1167 565 1247 589 eam

33 613 162 648 dextra
208 611 382 659 pulsavit,
429 612 519 648 haec
564 612 721 656 locutus,
771 612 920 658 “Aperi
963 616 1011 657 te,
1043 612 1247 649 horrcum.''

34 672 178 718 Quibus
197 672 321 708 verbis
341 671 526 721 (mirabile
545 671 650 706 dictu
666 672 690 719 !)
714 672 809 707 fores
837 671 972 707 celatae
999 673 1131 719 aperiri
1149 673 1248 708 visae

33 736 131 777 sunt,
153 735 387 778 antrum-que
407 732 537 778 ingens
556 731 731 778 patefieri.
789 731 884 766 Inde
911 731 1081 776 latrones,
1100 735 1248 768 antrum

34 791 198 838 ingressi,
228 803 348 836 onera,
379 803 473 838 quae
501 791 710 838 portabant,
737 790 998 837 deposuerunt,
1029 791 1248 839 iterum—que

34 851 185 897 regressi
217 863 236 886 e
268 854 467 897 conspectu
504 851 760 886 discesserunt.
816 850 964 886 Deinde
1000 850 1150 897 Balbus,
1184 852 1250 898 qui

34 911 183 946 tandem
220 922 240 945 e
275 910 426 945 latebris
459 910 558 945 exire
590 922 700 945 ausus
732 913 798 953 est,
832 910 965 945 iisdem
996 910 1118 946 verbis
1149 923 1247 957 usus,

33 982 162 1017 rupem
181 970 260 1017 ipse
278 969 454 1016 pulsavit,
471 973 707 1016 antrum-que
726 969 900 1016 patefecit
919 982 1006 1004 auro
1024 969 1250 1017 completum

35 1032 71 1064 et
98 1032 260 1076 argento,
280 1029 381 1075 quod
409 1041 430 1064 a
448 1029 652 1064 viatoribus
680 1032 826 1076 raptum
854 1028 1014 1064 latrones
1041 1029 1082 1064 in
1109 1041 1151 1064 eo
1170 1029 1250 1065 loco

35 1088 262 1125 abdiderant.
320 1088 402 1134 Quo
421 1088 505 1124 visu
533 1089 714 1124 attonitus
742 1100 818 1124 sese
845 1100 958 1135 quam
984 1088 1146 1124 maximo
1170 1089 1250 1124 auri

35 1147 195 1194 pondere
214 1147 393 1191 oneravit,
414 1147 652 1194 domum-que
671 1147 789 1182 laetus
808 1147 929 1182 rediit.

317 1282 333 1310 1
346 1271 402 1310 18.
438 1270 603 1322 Cauglzt
621 1270 669 1320 by
689 1271 755 1310 tlze
772 1270 963 1310 Robbers.

87 1362 206 1398 Balbo
234 1364 311 1397 erat
338 1362 449 1397 frater
476 1362 627 1397 nomine
655 1361 777 1407 Caius,
799 1363 857 1397 vir
884 1361 988 1397 dives
1016 1362 1081 1398 sed
1107 1375 1249 1401 avarus,

35 1421 110 1456 Hic
138 1421 185 1456 de
212 1421 361 1455 fortuna
388 1420 497 1456 Balbi
525 1433 589 1467 per
615 1433 768 1455 uxorem
796 1421 928 1455 certior
955 1420 1074 1456 factus
1102 1421 1253 1458 fratrem

36 1492 181 1516 carmen
216 1479 323 1524 illud,
362 1492 435 1526 quo
472 1484 620 1515 antrum
656 1480 789 1526 aperiri
824 1484 978 1527 poterat,
1016 1480 1106 1516 diris
1142 1481 1254 1517 minis

37 1539 228 1586 divulgare
265 1539 392 1585 coegit.
451 1539 583 1585 Itaque
620 1551 703 1574 cum
739 1539 859 1574 tribus
895 1540 1008 1575 asinis
1043 1540 1090 1575 ad
1125 1553 1255 1588 rupem

37 1598 233 1645 profectus,
254 1598 463 1644 verbis-que
481 1598 631 1644 magicis
650 1610 749 1642 usus,
766 1602 915 1633 antrum
934 1599 1099 1644 intravit,
1120 1600 1255 1635 asinos-

38 1670 109 1704 que
128 1669 216 1692 auro
235 1657 412 1693 oneravit.

93 1717 187 1752 Mox
214 1720 339 1751 autem
358 1716 425 1751 ubi
443 1717 563 1752 redire
582 1716 716 1763 voluit,
737 1717 911 1753 carminis
930 1718 1083 1763 oblitus,
1106 1720 1128 1738 ‘⁶
1140 1719 1258 1766 Aperi

39 1778 110 1823 te,'’
123 1778 259 1823 inquit,
276 1775 485 1811 “hordeum
496 1777 530 1819 ;''
544 1777 789 1824 cuivoeiquia
800 1777 895 1813 fores
907 1779 1031 1824 parere
1044 1778 1256 1823 noluerunt,

40 1849 106 1872 nec
122 1837 296 1872 carminis
310 1835 427 1882 ipsius
441 1836 653 1871 meminisse
668 1840 812 1883 poterat
828 1836 968 1885 (tantae
987 1837 1086 1872 enim
1105 1837 1259 1873 divitiae

39 1897 218 1931 rationem
233 1895 349 1931 animi
369 1895 652 1942 perturbabant)
667 1908 688 1930 a
702 1896 909 1931 latronibus
928 1896 1033 1932 brevi
1048 1899 1179 1943 captus
1192 1900 1256 1933 est.

41 1955 96 1990 Hi
124 1960 319 2002 postquam
348 1955 470 1989 virum
497 1954 631 2001 gladiis
658 1954 934 2000 interfecerunt,
955 1967 1087 2002 corpus
1115 1957 1196 2003 ejus
1220 1957 1261 1992 in

41 2019 216 2061 quattuor
261 2017 383 2062 partes
420 2013 585 2048 divisum
630 2014 729 2049 intra
774 2018 922 2049 antrum
973 2015 1259 2062 suspenderunt.

4 2097 8 2102 -
41 2072 193 2109 Postero
212 2078 336 2110 autem
356 2073 416 2108 die
436 2072 586 2117 Balbus,
608 2073 684 2119 qui,
705 2085 782 2108 rem
801 2074 1020 2120 suspicatus,
1041 2073 1163 2111 locum
1183 2074 1262 2122 ipse

0 2147 1 2151 ¹
41 2133 191 2178 adierat,
212 2137 325 2169 noctu
345 2132 508 2168 membra
527 2132 650 2167 fratris
669 2144 714 2167 ex
732 2135 838 2167 antro
858 2133 1004 2179 eripuit.
