1401 2369
452 126 806 168 Translations.
1192 129 1241 166 83

18 254 212 301 dejiciunt,
242 266 354 301 quam
390 253 536 300 aquilae
572 253 619 289 ab
655 253 730 288 ima.
762 252 860 289 valle
892 253 934 288 in
966 252 1074 288 nidos
1102 252 1238 289 ferunt.

17 313 114 349 Inde
127 317 345 349 mercatores
357 325 490 360 magno
503 312 662 348 clamore
675 324 761 349 aves
777 312 983 359 depellunt,
1000 312 1242 360 gemmis-que

17 374 119 410 carni
159 373 446 410 adhaerentibus
482 373 556 421 ipsi
592 372 796 420 potiuntur.
872 372 983 419 Quod
1018 373 1086 409 ubi
1123 372 1242 409 Sinon

17 434 204 482 cognovit,
233 437 431 481 postquam
462 445 540 469 sese
572 445 685 480 quam
721 431 893 480 plurimis
929 432 1085 480 gemmis
1118 445 1241 469 onera-

17 497 132 538 verat,
152 506 262 530 suum
290 505 422 541 corpus
449 492 496 528 ad
524 504 672 528 carnem
698 491 877 539 alligavit,
898 495 1090 540 tutus-que
1109 495 1243 540 magna

17 553 143 601 aquila
161 553 209 589 ad
227 553 361 589 nidum
380 553 478 588 latus
497 554 562 588 est.
620 551 733 588 Unde
761 551 808 587 ad
835 551 966 588 urbem
993 552 1243 600 propinquam

17 612 125 649 facile
143 612 346 660 descendit,
367 623 618 660 gemmas-que
636 623 770 659 magno
789 611 909 659 pretio
927 611 1111 648 vendidit.

368 769 455 808 123.
494 757 577 797 Tlce
601 757 767 798 Gz'ant's
791 757 908 799 Cave.

71 853 178 890 Idem
195 852 325 898 Sinon,
342 865 389 888 ne
408 853 467 888 his
486 853 636 900 quidem
658 853 803 889 divitiis
823 856 1030 899 contentus,
1054 853 1243 891 Oceanum

17 914 154 949 iterum
173 915 315 948 tentare
343 912 562 957 constituit3
593 912 701 948 celeri
730 913 844 959 igitur
873 925 967 949 nave
1000 925 1085 949 cum
1116 914 1244 961 paucis

18 973 126 1009 sociis
153 975 291 1018 vectus,
320 973 443 1008 ventis
475 972 639 1008 adversis
671 971 717 1007 ad
750 976 883 1008 terram
917 973 1082 1020 ignotam
1115 974 1244 1021 pulsus

18 1036 84 1078 est,
103 1043 215 1079 quam
229 1031 443 1067 incolebant
461 1031 631 1068 homines
647 1031 794 1067 barbari
813 1032 968 1068 advenis
982 1033 1240 1071 inimicissimi.

19 1092 73 1128 Hi
100 1091 248 1139 scaphis
275 1104 410 1127 navem
437 1092 606 1139 aggressi,
629 1091 808 1128 Sinonem
835 1092 1027 1139 sociosque
1055 1093 1245 1130 duxerunt

18 1152 66 1188 ad
85 1164 195 1188 suum
222 1163 354 1199 regem,
376 1151 564 1198 gigantem
592 1151 804 1197 immanem,
826 1152 947 1200 specie
975 1152 1156 1198 horribili,
1178 1153 1246 1200 qui

18 1224 137 1247 unum
168 1210 279 1247 modo
316 1211 466 1247 oculum
498 1211 539 1246 in
571 1212 695 1247 media
724 1211 846 1247 fronte
878 1213 1042 1259 positum
1071 1212 1241 1249 habebat.

19 1271 112 1316 Rex,
129 1273 327 1317 postquam
346 1271 513 1318 captivos
541 1283 670 1306 omnes
697 1283 812 1306 manu
839 1271 984 1318 ingenti
1011 1274 1242 1317 tractaverat,

18 1343 65 1366 ex
92 1330 150 1375 iis,
176 1342 287 1377 quem
314 1330 604 1377 pinguissimum
626 1330 824 1377 judicavit,
855 1330 939 1378 igne
967 1333 1108 1366 tostum
1137 1331 1245 1367 devo·

18 1389 125 1426 ravit.
183 1389 306 1426 Ceteri
342 1393 478 1436 tamen,
508 1390 610 1437 quod
642 1390 791 1426 incaute
818 1402 840 1425 a
867 1390 1032 1426 barbaris
1065 1391 1245 1427 custodie-

19 1449 167 1494 bantur,
199 1449 329 1486 eodem
361 1462 462 1494 veru,
497 1462 571 1497 quo
603 1462 725 1486 comes
757 1449 892 1486 infelix
922 1450 1123 1486 transfixus
1156 1454 1242 1495 erat,

20 1508 168 1545 oculum
196 1509 357 1556 gigantis
377 1509 596 1545 dormientis
624 1509 914 1555 transfoderunt,
937 1513 974 1546 et
1001 1510 1095 1547 velis
1122 1510 1246 1546 remis-

19 1581 92 1616 que
110 1580 132 1604 a
151 1571 247 1605 terra
267 1568 488 1617 inhospitali
507 1569 692 1617 fugerunt.

332 1725 416 1764 124.
455 1715 539 1754 Tlce
560 1715 701 1766 Royal
720 1716 946 1767 Sepulchra

74 1812 189 1852 Haud
208 1812 262 1848 ita
280 1812 399 1848 multo
419 1816 504 1859 post
523 1813 696 1849 secundis
715 1814 838 1850 ventis
858 1814 977 1850 Sinon
1005 1815 1181 1862 socii—que
1200 1817 1247 1852 ad

21 1871 184 1907 insulam
215 1871 377 1907 fertilem
410 1875 448 1907 et
481 1878 644 1919 opimam
677 1873 776 1909 vecti
805 1877 902 1909 sunt.
967 1874 1049 1920 Quo
1083 1875 1123 1909 in
1155 1874 1245 1921 loco,

22 1932 112 1966 dum
145 1930 263 1966 Sinon
295 1930 421 1966 studio
452 1931 600 1978 frugum
632 1932 898 1979 carpendarum
930 1932 1080 1979 longius
1109 1946 1130 1969 a
1161 1935 1248 1970 navi

23 1993 128 2036 errat,
150 2002 171 2026 a
189 1990 298 2026 sociis
326 1990 542 2026 infidelibus
570 1990 721 2027 relictus
749 1995 813 2028 est.
870 1992 953 2028 Rex
982 1995 1107 2028 tamen
1135 1993 1249 2040 huJus

0 2068 3 2081 ι
22 2049 167 2085 insulae
182 2049 368 2097 hospitem
383 2050 544 2097 benigne
560 2051 712 2098 accepit,
729 2063 907 2099 suamque
920 2052 1049 2097 filiam,
1066 2053 1249 2100 virginem

0 2129 5 2158 ¹>
23 2108 323 2156 pulcherrimam,
342 2110 375 2145 ei
389 2109 430 2145 in
449 2110 727 2145 matrimonium
743 2110 856 2147 dedit.
916 2110 963 2146 Id
982 2114 1108 2147 tamen
1126 2113 1250 2149 minus

0 2159 6 2201 ¹t
24 2179 197 2215 prospere
217 2169 365 2214 evenit,·
392 2180 488 2204 uxor
506 2169 606 2204 enim
627 2168 780 2205 Sinonis
799 2169 969 2217 proximo
989 2182 1086 2206 anno
1106 2175 1251 2207 mortua
