<?xml version="1.0" encoding="UTF-8"?>
<!DOCTYPE html PUBLIC "-//W3C//DTD XHTML 1.0 Transitional//EN"
    "http://www.w3.org/TR/xhtml1/DTD/xhtml1-transitional.dtd">
<html xmlns="http://www.w3.org/1999/xhtml" xml:lang="en" lang="en">
 <head>
  <title>
</title>
<meta http-equiv="Content-Type" content="text/html;charset=utf-8" />
  <meta name='ocr-system' content='tesseract 3.04.00' />
  <meta name='ocr-capabilities' content='ocr_page ocr_carea ocr_par ocr_line ocrx_word'/>
</head>
<body>
  <div class='ocr_page' id='page_1' title='image "./gradatimeasylati00heat/gradatimeasylati00heat_0063.png"; bbox 0 0 1401 2369; ppageno 0'>
   <div class='ocr_carea' id='block_1_1' title="bbox 465 113 1248 155">
    <p class='ocr_par' dir='ltr' id='par_1_1' title="bbox 465 113 1248 155">
     <span class='ocr_line' id='line_1_1' title="bbox 465 113 1248 155; baseline -0.005 0"><span class='ocrx_word' id='word_1_1' title='bbox 465 113 814 155; x_wconf 84' lang='lat' dir='ltr'>Translations.</span> <span class='ocrx_word' id='word_1_2' title='bbox 1203 113 1248 151; x_wconf 85' lang='lat'>51</span> 
     </span>
    </p>
   </div>
   <div class='ocr_carea' id='block_1_2' title="bbox 35 185 1253 199">
    <p class='ocr_par' dir='ltr' id='par_1_2' title="bbox 35 185 1253 199">
     <span class='ocr_line' id='line_1_2' title="bbox 35 185 1253 199; baseline 0 2170"><span class='ocrx_word' id='word_1_3' title='bbox 35 185 1253 199; x_wconf 95' lang='lat' dir='ltr'> </span> 
     </span>
    </p>
   </div>
   <div class='ocr_carea' id='block_1_3' title="bbox 322 320 961 374">
    <p class='ocr_par' dir='ltr' id='par_1_3' title="bbox 322 320 961 374">
     <span class='ocr_line' id='line_1_3' title="bbox 322 320 961 374; baseline 0 -12"><span class='ocrx_word' id='word_1_4' title='bbox 322 331 385 374; x_wconf 88' lang='lat'>73.</span> <span class='ocrx_word' id='word_1_5' title='bbox 417 322 456 361; x_wconf 83' lang='lat' dir='ltr'><em>A</em></span> <span class='ocrx_word' id='word_1_6' title='bbox 481 320 640 361; x_wconf 74' lang='lat' dir='ltr'>Breaclc</span> <span class='ocrx_word' id='word_1_7' title='bbox 659 322 713 372; x_wconf 83' lang='lat' dir='ltr'>of</span> <span class='ocrx_word' id='word_1_8' title='bbox 724 320 961 372; x_wconf 52' lang='lat' dir='ltr'>Disczplz&#39;ne.</span> 
     </span>
    </p>
   </div>
   <div class='ocr_carea' id='block_1_4' title="bbox 33 418 1253 1183">
    <p class='ocr_par' dir='ltr' id='par_1_4' title="bbox 33 418 1253 1183">
     <span class='ocr_line' id='line_1_4' title="bbox 85 418 1253 466; baseline -0.002 -10"><span class='ocrx_word' id='word_1_9' title='bbox 85 419 311 464; x_wconf 89' lang='lat' dir='ltr'>Fredericus,</span> <span class='ocrx_word' id='word_1_10' title='bbox 333 418 601 455; x_wconf 88' lang='lat' dir='ltr'>Germanorum</span> <span class='ocrx_word' id='word_1_11' title='bbox 620 431 696 463; x_wconf 84' lang='lat' dir='ltr'>rex,</span> <span class='ocrx_word' id='word_1_12' title='bbox 717 418 817 465; x_wconf 87' lang='lat' dir='ltr'>quod</span> <span class='ocrx_word' id='word_1_13' title='bbox 845 418 891 454; x_wconf 90' lang='lat' dir='ltr'>ab</span> <span class='ocrx_word' id='word_1_14' title='bbox 916 418 1087 455; x_wconf 73' lang='lat' dir='ltr'>hostibus</span> <span class='ocrx_word' id='word_1_15' title='bbox 1114 430 1253 466; x_wconf 81' lang='lat' dir='ltr'>preme-</span> 
     </span>
     <span class='ocr_line' id='line_1_5' title="bbox 33 477 1251 525; baseline 0.001 -11"><span class='ocrx_word' id='word_1_16' title='bbox 33 479 151 524; x_wconf 97' lang='lat' dir='ltr'>batur,</span> <span class='ocrx_word' id='word_1_17' title='bbox 173 479 386 515; x_wconf 69' lang='lat' dir='ltr'>saevissima</span> <span class='ocrx_word' id='word_1_18' title='bbox 404 478 603 525; x_wconf 72' lang='lat' dir='ltr'>disciplina</span> <span class='ocrx_word' id='word_1_19' title='bbox 621 478 760 514; x_wconf 80' lang='lat' dir='ltr'>milites</span> <span class='ocrx_word' id='word_1_20' title='bbox 779 477 986 514; x_wconf 88' lang='lat' dir='ltr'>cohibebat.</span> <span class='ocrx_word' id='word_1_21' title='bbox 1045 480 1126 514; x_wconf 83' lang='lat' dir='ltr'>Rex</span> <span class='ocrx_word' id='word_1_22' title='bbox 1145 491 1251 525; x_wconf 87' lang='lat' dir='ltr'>saepe</span> 
     </span>
     <span class='ocr_line' id='line_1_6' title="bbox 34 538 1252 586; baseline 0 -12"><span class='ocrx_word' id='word_1_23' title='bbox 34 542 146 575; x_wconf 89' lang='lat' dir='ltr'>noctu</span> <span class='ocrx_word' id='word_1_24' title='bbox 178 539 277 575; x_wconf 88' lang='lat' dir='ltr'>solus</span> <span class='ocrx_word' id='word_1_25' title='bbox 314 551 379 586; x_wconf 87' lang='lat' dir='ltr'>per</span> <span class='ocrx_word' id='word_1_26' title='bbox 415 541 531 574; x_wconf 87' lang='lat' dir='ltr'>castra</span> <span class='ocrx_word' id='word_1_27' title='bbox 567 538 794 583; x_wconf 73' lang='lat' dir='ltr'>ambulabat,</span> <span class='ocrx_word' id='word_1_28' title='bbox 828 541 865 574; x_wconf 90' lang='lat' dir='ltr'>et</span> <span class='ocrx_word' id='word_1_29' title='bbox 901 538 980 585; x_wconf 87' lang='lat' dir='ltr'>ipse</span> <span class='ocrx_word' id='word_1_30' title='bbox 1010 538 1180 574; x_wconf 76' lang='lat' dir='ltr'>custodes</span> <span class='ocrx_word' id='word_1_31' title='bbox 1211 538 1252 574; x_wconf 89' lang='lat' dir='ltr'>in</span> 
     </span>
     <span class='ocr_line' id='line_1_7' title="bbox 33 597 1253 645; baseline -0.002 -11"><span class='ocrx_word' id='word_1_32' title='bbox 33 598 257 634; x_wconf 87' lang='lat' dir='ltr'>stationibus</span> <span class='ocrx_word' id='word_1_33' title='bbox 277 598 508 645; x_wconf 73' lang='lat' dir='ltr'>disponebat.</span> <span class='ocrx_word' id='word_1_34' title='bbox 565 597 792 644; x_wconf 83' lang='lat' dir='ltr'>Aliquando,</span> <span class='ocrx_word' id='word_1_35' title='bbox 814 598 906 633; x_wconf 89' lang='lat' dir='ltr'>dum</span> <span class='ocrx_word' id='word_1_36' title='bbox 933 610 1032 633; x_wconf 89' lang='lat' dir='ltr'>more</span> <span class='ocrx_word' id='word_1_37' title='bbox 1051 610 1117 633; x_wconf 90' lang='lat' dir='ltr'>suo</span> <span class='ocrx_word' id='word_1_38' title='bbox 1136 601 1253 634; x_wconf 84' lang='lat' dir='ltr'>castra</span> 
     </span>
     <span class='ocr_line' id='line_1_8' title="bbox 33 657 1252 705; baseline 0.001 -12"><span class='ocrx_word' id='word_1_39' title='bbox 33 658 242 705; x_wconf 81' lang='lat' dir='ltr'>perlustrat,</span> <span class='ocrx_word' id='word_1_40' title='bbox 273 658 376 693; x_wconf 89' lang='lat' dir='ltr'>videt</span> <span class='ocrx_word' id='word_1_41' title='bbox 403 657 602 702; x_wconf 88' lang='lat' dir='ltr'>lucernam,</span> <span class='ocrx_word' id='word_1_42' title='bbox 633 669 726 704; x_wconf 88' lang='lat' dir='ltr'>quae</span> <span class='ocrx_word' id='word_1_43' title='bbox 758 657 799 693; x_wconf 88' lang='lat' dir='ltr'>in</span> <span class='ocrx_word' id='word_1_44' title='bbox 826 658 1064 694; x_wconf 86' lang='lat' dir='ltr'>tabernaculo</span> <span class='ocrx_word' id='word_1_45' title='bbox 1092 658 1252 694; x_wconf 66' lang='lat' dir='ltr'>finitimo</span> 
     </span>
     <span class='ocr_line' id='line_1_9' title="bbox 33 717 1253 766; baseline 0 -12"><span class='ocrx_word' id='word_1_46' title='bbox 33 718 194 755; x_wconf 83' lang='lat' dir='ltr'>ardebat.</span> <span class='ocrx_word' id='word_1_47' title='bbox 262 718 344 753; x_wconf 78' lang='lat' dir='ltr'>Rex</span> <span class='ocrx_word' id='word_1_48' title='bbox 371 718 485 765; x_wconf 85' lang='lat' dir='ltr'>igitur</span> <span class='ocrx_word' id='word_1_49' title='bbox 517 718 581 764; x_wconf 90' lang='lat' dir='ltr'>qui</span> <span class='ocrx_word' id='word_1_50' title='bbox 613 717 776 753; x_wconf 71' lang='lat' dir='ltr'>maxima</span> <span class='ocrx_word' id='word_1_51' title='bbox 809 718 863 753; x_wconf 68' lang='lat' dir='ltr'>ira</span> <span class='ocrx_word' id='word_1_52' title='bbox 894 718 1122 763; x_wconf 88' lang='lat' dir='ltr'>movebatur,</span> <span class='ocrx_word' id='word_1_53' title='bbox 1152 719 1253 766; x_wconf 83' lang='lat' dir='ltr'>quod</span> 
     </span>
     <span class='ocr_line' id='line_1_10' title="bbox 33 776 1253 825; baseline 0 -12"><span class='ocrx_word' id='word_1_54' title='bbox 33 778 157 825; x_wconf 80' lang='lat' dir='ltr'>ignem</span> <span class='ocrx_word' id='word_1_55' title='bbox 210 777 395 812; x_wconf 81' lang='lat' dir='ltr'>militibus</span> <span class='ocrx_word' id='word_1_56' title='bbox 448 777 704 821; x_wconf 78' lang='lat' dir='ltr'>interdixerat,</span> <span class='ocrx_word' id='word_1_57' title='bbox 764 776 916 812; x_wconf 89' lang='lat' dir='ltr'>silenter</span> <span class='ocrx_word' id='word_1_58' title='bbox 974 777 1253 813; x_wconf 87' lang='lat' dir='ltr'>tabernaculum</span> 
     </span>
     <span class='ocr_line' id='line_1_11' title="bbox 34 835 1248 883; baseline 0.001 -11"><span class='ocrx_word' id='word_1_59' title='bbox 34 837 200 874; x_wconf 86' lang='lat' dir='ltr'>intravit.</span> <span class='ocrx_word' id='word_1_60' title='bbox 272 835 345 872; x_wconf 76' lang='lat' dir='ltr'>Hic</span> <span class='ocrx_word' id='word_1_61' title='bbox 392 836 498 872; x_wconf 89' lang='lat' dir='ltr'>miles</span> <span class='ocrx_word' id='word_1_62' title='bbox 534 835 729 883; x_wconf 88' lang='lat' dir='ltr'>epistolam</span> <span class='ocrx_word' id='word_1_63' title='bbox 775 836 960 872; x_wconf 85' lang='lat' dir='ltr'>scribebat</span> <span class='ocrx_word' id='word_1_64' title='bbox 999 837 1045 872; x_wconf 89' lang='lat' dir='ltr'>ad</span> <span class='ocrx_word' id='word_1_65' title='bbox 1087 850 1248 873; x_wconf 78' lang='lat' dir='ltr'>uxorem.</span> 
     </span>
     <span class='ocr_line' id='line_1_12' title="bbox 34 896 1250 943; baseline 0 -10"><span class='ocrx_word' id='word_1_66' title='bbox 34 897 138 933; x_wconf 86' lang='lat' dir='ltr'>Dum</span> <span class='ocrx_word' id='word_1_67' title='bbox 170 896 300 932; x_wconf 87' lang='lat' dir='ltr'>multis</span> <span class='ocrx_word' id='word_1_68' title='bbox 332 896 454 932; x_wconf 86' lang='lat' dir='ltr'>verbis</span> <span class='ocrx_word' id='word_1_69' title='bbox 487 896 578 932; x_wconf 89' lang='lat' dir='ltr'>dura</span> <span class='ocrx_word' id='word_1_70' title='bbox 614 896 777 943; x_wconf 87' lang='lat' dir='ltr'>pericula</span> <span class='ocrx_word' id='word_1_71' title='bbox 809 896 911 941; x_wconf 90' lang='lat' dir='ltr'>belli,</span> <span class='ocrx_word' id='word_1_72' title='bbox 947 909 1052 932; x_wconf 89' lang='lat' dir='ltr'>suam</span> <span class='ocrx_word' id='word_1_73' title='bbox 1083 897 1250 943; x_wconf 73' lang='lat' dir='ltr'>salutem,</span> 
     </span>
     <span class='ocr_line' id='line_1_13' title="bbox 35 955 1252 1003; baseline 0.001 -11"><span class='ocrx_word' id='word_1_74' title='bbox 35 969 281 1003; x_wconf 88' lang='lat' dir='ltr'>amorem-que</span> <span class='ocrx_word' id='word_1_75' title='bbox 326 959 557 991; x_wconf 77' lang='lat' dir='ltr'>constantem</span> <span class='ocrx_word' id='word_1_76' title='bbox 607 958 741 1000; x_wconf 86' lang='lat' dir='ltr'>narrat,</span> <span class='ocrx_word' id='word_1_77' title='bbox 781 955 905 991; x_wconf 89' lang='lat' dir='ltr'>subito</span> <span class='ocrx_word' id='word_1_78' title='bbox 951 968 1073 1003; x_wconf 81' lang='lat' dir='ltr'>regem</span> <span class='ocrx_word' id='word_1_79' title='bbox 1118 957 1252 993; x_wconf 88' lang='lat' dir='ltr'>iratum</span> 
     </span>
     <span class='ocr_line' id='line_1_14' title="bbox 35 1014 1253 1063; baseline 0 -11"><span class='ocrx_word' id='word_1_80' title='bbox 35 1017 174 1063; x_wconf 83' lang='lat' dir='ltr'>aspicit.</span> <span class='ocrx_word' id='word_1_81' title='bbox 232 1016 327 1052; x_wconf 87' lang='lat' dir='ltr'>Tum</span> <span class='ocrx_word' id='word_1_82' title='bbox 346 1027 421 1059; x_wconf 78' lang='lat' dir='ltr'>reX‚</span> <span class='ocrx_word' id='word_1_83' title='bbox 445 1017 467 1034; x_wconf 86' lang='lat'><strong>“</strong></span> <span class='ocrx_word' id='word_1_84' title='bbox 483 1015 626 1050; x_wconf 86' lang='lat' dir='ltr'>Iterum</span> <span class='ocrx_word' id='word_1_85' title='bbox 646 1014 841 1062; x_wconf 88' lang='lat' dir='ltr'>epistolam</span> <span class='ocrx_word' id='word_1_86' title='bbox 860 1018 996 1062; x_wconf 90' lang='lat' dir='ltr'>repete,</span> <span class='ocrx_word' id='word_1_87' title='bbox 1018 1015 1107 1051; x_wconf 88' lang='lat' dir='ltr'>haec</span> <span class='ocrx_word' id='word_1_88' title='bbox 1127 1020 1253 1052; x_wconf 90' lang='lat' dir='ltr'>tamen</span> 
     </span>
     <span class='ocr_line' id='line_1_15' title="bbox 35 1074 1252 1123; baseline 0 -11"><span class='ocrx_word' id='word_1_89' title='bbox 35 1076 149 1122; x_wconf 72' lang='lat' dir='ltr'>adde,</span> <span class='ocrx_word' id='word_1_90' title='bbox 195 1076 279 1112; x_wconf 88' lang='lat' dir='ltr'>vale</span> <span class='ocrx_word' id='word_1_91' title='bbox 306 1087 327 1111; x_wconf 94' lang='lat'><em>0</em></span> <span class='ocrx_word' id='word_1_92' title='bbox 356 1075 552 1119; x_wconf 87' lang='lat' dir='ltr'>carissima,</span> <span class='ocrx_word' id='word_1_93' title='bbox 583 1086 660 1110; x_wconf 90' lang='lat' dir='ltr'>cras</span> <span class='ocrx_word' id='word_1_94' title='bbox 689 1074 789 1110; x_wconf 87' lang='lat' dir='ltr'>enim</span> <span class='ocrx_word' id='word_1_95' title='bbox 818 1086 893 1123; x_wconf 84' lang='lat' dir='ltr'>egO,</span> <span class='ocrx_word' id='word_1_96' title='bbox 925 1075 1012 1122; x_wconf 86' lang='lat' dir='ltr'>quia</span> <span class='ocrx_word' id='word_1_97' title='bbox 1039 1075 1252 1123; x_wconf 83' lang='lat' dir='ltr'>imperatori</span> 
     </span>
     <span class='ocr_line' id='line_1_16' title="bbox 35 1134 672 1183; baseline -0.002 -11"><span class='ocrx_word' id='word_1_98' title='bbox 35 1136 128 1172; x_wconf 83' lang='lat' dir='ltr'>male</span> <span class='ocrx_word' id='word_1_99' title='bbox 147 1136 262 1183; x_wconf 89' lang='lat' dir='ltr'>parui,</span> <span class='ocrx_word' id='word_1_100' title='bbox 285 1134 417 1182; x_wconf 89' lang='lat' dir='ltr'>capitis</span> <span class='ocrx_word' id='word_1_101' title='bbox 437 1134 672 1171; x_wconf 85' lang='lat' dir='ltr'>damnabor.⁷&#39;</span> 
     </span>
    </p>
   </div>
   <div class='ocr_carea' id='block_1_5' title="bbox 452 1271 841 1323">
    <p class='ocr_par' dir='ltr' id='par_1_5' title="bbox 452 1271 841 1323">
     <span class='ocr_line' id='line_1_17' title="bbox 452 1271 841 1323; baseline 0.008 -12"><span class='ocrx_word' id='word_1_102' title='bbox 452 1283 514 1323; x_wconf 83' lang='lat'>74.</span> <span class='ocrx_word' id='word_1_103' title='bbox 546 1273 584 1311; x_wconf 82' lang='grc' dir='ltr'><em>Α</em></span> <span class='ocrx_word' id='word_1_104' title='bbox 612 1271 841 1323; x_wconf 73' lang='lat' dir='ltr'>Bull’s-eye.</span> 
     </span>
    </p>
   </div>
   <div class='ocr_carea' id='block_1_6' title="bbox 37 1371 1258 2078">
    <p class='ocr_par' dir='ltr' id='par_1_6' title="bbox 37 1371 1258 2078">
     <span class='ocr_line' id='line_1_18' title="bbox 89 1371 1254 1421; baseline 0.002 -13"><span class='ocrx_word' id='word_1_105' title='bbox 89 1372 234 1417; x_wconf 81' lang='lat' dir='ltr'>Loxias,</span> <span class='ocrx_word' id='word_1_106' title='bbox 270 1371 370 1419; x_wconf 86' lang='lat' dir='ltr'>quod</span> <span class='ocrx_word' id='word_1_107' title='bbox 398 1371 514 1407; x_wconf 87' lang='lat' dir='ltr'>vitam</span> <span class='ocrx_word' id='word_1_108' title='bbox 546 1372 587 1407; x_wconf 89' lang='lat' dir='ltr'>in</span> <span class='ocrx_word' id='word_1_109' title='bbox 619 1371 724 1407; x_wconf 87' lang='lat' dir='ltr'>silvis</span> <span class='ocrx_word' id='word_1_110' title='bbox 757 1384 900 1419; x_wconf 87' lang='lat' dir='ltr'>semper</span> <span class='ocrx_word' id='word_1_111' title='bbox 931 1373 1096 1421; x_wconf 83' lang='lat' dir='ltr'>degebat,</span> <span class='ocrx_word' id='word_1_112' title='bbox 1128 1386 1254 1410; x_wconf 87' lang='lat' dir='ltr'>omnes</span> 
     </span>
     <span class='ocr_line' id='line_1_19' title="bbox 37 1431 1255 1480; baseline 0.001 -12"><span class='ocrx_word' id='word_1_113' title='bbox 37 1432 128 1468; x_wconf 87' lang='lat' dir='ltr'>alios</span> <span class='ocrx_word' id='word_1_114' title='bbox 172 1432 379 1478; x_wconf 83' lang='lat' dir='ltr'>sagittarios</span> <span class='ocrx_word' id='word_1_115' title='bbox 424 1431 630 1478; x_wconf 85' lang='lat' dir='ltr'>superabat.</span> <span class='ocrx_word' id='word_1_116' title='bbox 714 1431 830 1479; x_wconf 85' lang='lat' dir='ltr'>Saepe</span> <span class='ocrx_word' id='word_1_117' title='bbox 875 1432 982 1479; x_wconf 91' lang='lat' dir='ltr'>lupos</span> <span class='ocrx_word' id='word_1_118' title='bbox 1028 1433 1255 1480; x_wconf 86' lang='lat' dir='ltr'>aquilas-que</span> 
     </span>
     <span class='ocr_line' id='line_1_20' title="bbox 39 1491 1254 1539; baseline 0.003 -12"><span class='ocrx_word' id='word_1_119' title='bbox 39 1491 251 1527; x_wconf 82' lang='lat' dir='ltr'>volucribus</span> <span class='ocrx_word' id='word_1_120' title='bbox 278 1491 422 1538; x_wconf 83' lang='lat' dir='ltr'>sagittis</span> <span class='ocrx_word' id='word_1_121' title='bbox 449 1491 699 1537; x_wconf 85' lang='lat' dir='ltr'>transfigebat,</span> <span class='ocrx_word' id='word_1_122' title='bbox 712 1504 778 1527; x_wconf 88' lang='lat' dir='ltr'>nec</span> <span class='ocrx_word' id='word_1_123' title='bbox 798 1505 967 1539; x_wconf 84' lang='lat' dir='ltr'>unquam</span> <span class='ocrx_word' id='word_1_124' title='bbox 987 1493 1126 1530; x_wconf 86' lang='lat' dir='ltr'>frustra</span> <span class='ocrx_word' id='word_1_125' title='bbox 1144 1495 1192 1530; x_wconf 88' lang='lat' dir='ltr'>ab</span> <span class='ocrx_word' id='word_1_126' title='bbox 1212 1508 1254 1531; x_wconf 91' lang='lat' dir='ltr'>eo</span> 
     </span>
     <span class='ocr_line' id='line_1_21' title="bbox 39 1550 1254 1599; baseline 0.002 -12"><span class='ocrx_word' id='word_1_127' title='bbox 39 1552 156 1587; x_wconf 89' lang='lat' dir='ltr'>telum</span> <span class='ocrx_word' id='word_1_128' title='bbox 174 1551 327 1587; x_wconf 85' lang='lat' dir='ltr'>missum</span> <span class='ocrx_word' id='word_1_129' title='bbox 346 1554 409 1587; x_wconf 89' lang='lat' dir='ltr'>est.</span> <span class='ocrx_word' id='word_1_130' title='bbox 468 1551 579 1586; x_wconf 86' lang='lat' dir='ltr'>Forte</span> <span class='ocrx_word' id='word_1_131' title='bbox 598 1550 740 1586; x_wconf 86' lang='lat' dir='ltr'>incolae</span> <span class='ocrx_word' id='word_1_132' title='bbox 768 1551 870 1586; x_wconf 84' lang='lat' dir='ltr'>urbis</span> <span class='ocrx_word' id='word_1_133' title='bbox 897 1552 1128 1599; x_wconf 87' lang='lat' dir='ltr'>propinquae</span> <span class='ocrx_word' id='word_1_134' title='bbox 1147 1553 1254 1590; x_wconf 86' lang='lat' dir='ltr'>ludos</span> 
     </span>
     <span class='ocr_line' id='line_1_22' title="bbox 41 1610 1252 1660; baseline 0.002 -13"><span class='ocrx_word' id='word_1_135' title='bbox 41 1611 210 1647; x_wconf 84' lang='lat' dir='ltr'>solennes</span> <span class='ocrx_word' id='word_1_136' title='bbox 225 1610 468 1647; x_wconf 84' lang='lat' dir='ltr'>celebrabant.</span> <span class='ocrx_word' id='word_1_137' title='bbox 526 1611 653 1646; x_wconf 89' lang='lat' dir='ltr'>Primo</span> <span class='ocrx_word' id='word_1_138' title='bbox 669 1610 864 1658; x_wconf 77' lang='lat' dir='ltr'>quadrigas</span> <span class='ocrx_word' id='word_1_139' title='bbox 879 1612 1069 1659; x_wconf 83' lang='lat' dir='ltr'>agitabant</span> <span class='ocrx_word' id='word_1_140' title='bbox 1082 1614 1252 1660; x_wconf 85' lang='lat' dir='ltr'>juvenes,</span> 
     </span>
     <span class='ocr_line' id='line_1_23' title="bbox 41 1671 1255 1719; baseline 0.002 -13"><span class='ocrx_word' id='word_1_141' title='bbox 41 1671 176 1707; x_wconf 82' lang='lat' dir='ltr'>deinde</span> <span class='ocrx_word' id='word_1_142' title='bbox 195 1671 328 1718; x_wconf 87' lang='lat' dir='ltr'>pugnis</span> <span class='ocrx_word' id='word_1_143' title='bbox 349 1671 548 1716; x_wconf 88' lang='lat' dir='ltr'>certabant,</span> <span class='ocrx_word' id='word_1_144' title='bbox 570 1675 754 1718; x_wconf 90' lang='lat' dir='ltr'>postremo</span> <span class='ocrx_word' id='word_1_145' title='bbox 775 1674 959 1707; x_wconf 86' lang='lat' dir='ltr'>certamen</span> <span class='ocrx_word' id='word_1_146' title='bbox 984 1673 1255 1719; x_wconf 85' lang='lat' dir='ltr'>sagittariorum</span> 
     </span>
     <span class='ocr_line' id='line_1_24' title="bbox 40 1730 1255 1778; baseline 0.003 -12"><span class='ocrx_word' id='word_1_147' title='bbox 40 1731 258 1766; x_wconf 88' lang='lat' dir='ltr'>institutum</span> <span class='ocrx_word' id='word_1_148' title='bbox 287 1734 348 1768; x_wconf 91' lang='lat' dir='ltr'>est.</span> <span class='ocrx_word' id='word_1_149' title='bbox 416 1730 495 1766; x_wconf 91' lang='lat' dir='ltr'>Diu</span> <span class='ocrx_word' id='word_1_150' title='bbox 527 1730 672 1776; x_wconf 80' lang='lat' dir='ltr'>Loxias,</span> <span class='ocrx_word' id='word_1_151' title='bbox 703 1731 769 1778; x_wconf 89' lang='lat' dir='ltr'>qui</span> <span class='ocrx_word' id='word_1_152' title='bbox 801 1743 886 1766; x_wconf 89' lang='lat' dir='ltr'>cum</span> <span class='ocrx_word' id='word_1_153' title='bbox 916 1733 1046 1768; x_wconf 89' lang='lat' dir='ltr'>ceteris</span> <span class='ocrx_word' id='word_1_154' title='bbox 1073 1733 1255 1770; x_wconf 86' lang='lat' dir='ltr'>decertare</span> 
     </span>
     <span class='ocr_line' id='line_1_25' title="bbox 42 1789 1255 1835; baseline 0.002 -9"><span class='ocrx_word' id='word_1_155' title='bbox 42 1790 174 1835; x_wconf 88' lang='lat' dir='ltr'>noluit,</span> <span class='ocrx_word' id='word_1_156' title='bbox 204 1802 241 1826; x_wconf 93' lang='lat' dir='ltr'>se</span> <span class='ocrx_word' id='word_1_157' title='bbox 269 1803 289 1826; x_wconf 85' lang='lat' dir='ltr'>a</span> <span class='ocrx_word' id='word_1_158' title='bbox 316 1790 514 1826; x_wconf 87' lang='lat' dir='ltr'>certamine</span> <span class='ocrx_word' id='word_1_159' title='bbox 542 1789 735 1834; x_wconf 87' lang='lat' dir='ltr'>abstinuit,</span> <span class='ocrx_word' id='word_1_160' title='bbox 766 1802 832 1826; x_wconf 90' lang='lat' dir='ltr'>nec</span> <span class='ocrx_word' id='word_1_161' title='bbox 860 1803 985 1827; x_wconf 89' lang='lat' dir='ltr'>arcum</span> <span class='ocrx_word' id='word_1_162' title='bbox 1016 1792 1062 1828; x_wconf 89' lang='lat' dir='ltr'>ab</span> <span class='ocrx_word' id='word_1_163' title='bbox 1093 1792 1255 1829; x_wconf 87' lang='lat' dir='ltr'>humeris</span> 
     </span>
     <span class='ocr_line' id='line_1_26' title="bbox 44 1849 1257 1897; baseline 0.002 -11"><span class='ocrx_word' id='word_1_164' title='bbox 44 1850 191 1886; x_wconf 87' lang='lat' dir='ltr'>amovit.</span> <span class='ocrx_word' id='word_1_165' title='bbox 248 1849 420 1896; x_wconf 88' lang='lat' dir='ltr'>Denique</span> <span class='ocrx_word' id='word_1_166' title='bbox 439 1849 590 1895; x_wconf 83' lang='lat' dir='ltr'>quidam</span> <span class='ocrx_word' id='word_1_167' title='bbox 610 1861 656 1884; x_wconf 81' lang='lat' dir='ltr'>ex</span> <span class='ocrx_word' id='word_1_168' title='bbox 683 1849 792 1897; x_wconf 85' lang='lat' dir='ltr'>regiis</span> <span class='ocrx_word' id='word_1_169' title='bbox 812 1850 1020 1897; x_wconf 83' lang='lat' dir='ltr'>sagittariis,</span> <span class='ocrx_word' id='word_1_170' title='bbox 1043 1852 1103 1887; x_wconf 87' lang='lat' dir='ltr'>cui</span> <span class='ocrx_word' id='word_1_171' title='bbox 1122 1864 1257 1889; x_wconf 89' lang='lat' dir='ltr'>nomen</span> 
     </span>
     <span class='ocr_line' id='line_1_27' title="bbox 45 1909 1253 1959; baseline 0.002 -13"><span class='ocrx_word' id='word_1_172' title='bbox 45 1915 120 1947; x_wconf 88' lang='lat' dir='ltr'>erat</span> <span class='ocrx_word' id='word_1_173' title='bbox 152 1910 354 1954; x_wconf 81' lang='lat' dir='ltr'>Hubertus,</span> <span class='ocrx_word' id='word_1_174' title='bbox 389 1909 467 1944; x_wconf 87' lang='lat' dir='ltr'>sive</span> <span class='ocrx_word' id='word_1_175' title='bbox 501 1921 596 1953; x_wconf 89' lang='lat' dir='ltr'>casu,</span> <span class='ocrx_word' id='word_1_176' title='bbox 631 1921 694 1944; x_wconf 86' lang='lat' dir='ltr'>seu</span> <span class='ocrx_word' id='word_1_177' title='bbox 726 1909 828 1956; x_wconf 84' lang='lat' dir='ltr'>quod</span> <span class='ocrx_word' id='word_1_178' title='bbox 860 1916 996 1946; x_wconf 86' lang='lat' dir='ltr'>ventus</span> <span class='ocrx_word' id='word_1_179' title='bbox 1029 1911 1062 1946; x_wconf 90' lang='lat' dir='ltr'>ei</span> <span class='ocrx_word' id='word_1_180' title='bbox 1094 1912 1253 1959; x_wconf 85' lang='lat' dir='ltr'>favebat,</span> 
     </span>
     <span class='ocr_line' id='line_1_28' title="bbox 44 1967 1258 2014; baseline 0.002 -9"><span class='ocrx_word' id='word_1_181' title='bbox 44 1969 201 2005; x_wconf 86' lang='lat' dir='ltr'>mediam</span> <span class='ocrx_word' id='word_1_182' title='bbox 230 1973 364 2004; x_wconf 88' lang='lat' dir='ltr'>metam</span> <span class='ocrx_word' id='word_1_183' title='bbox 397 1967 531 2014; x_wconf 73' lang='lat' dir='ltr'>sagitta</span> <span class='ocrx_word' id='word_1_184' title='bbox 557 1967 753 2004; x_wconf 77' lang='lat' dir='ltr'>transfixit.</span> <span class='ocrx_word' id='word_1_185' title='bbox 821 1968 916 2004; x_wconf 91' lang='lat' dir='ltr'>Tum</span> <span class='ocrx_word' id='word_1_186' title='bbox 944 1970 1093 2006; x_wconf 88' lang='lat' dir='ltr'>demum</span> <span class='ocrx_word' id='word_1_187' title='bbox 1122 1971 1258 2008; x_wconf 83' lang='lat' dir='ltr'>Loxias</span> 
     </span>
     <span class='ocr_line' id='line_1_29' title="bbox 44 2026 1257 2078; baseline 0.002 -13"><span class='ocrx_word' id='word_1_188' title='bbox 44 2041 167 2065; x_wconf 87' lang='lat' dir='ltr'>arcum</span> <span class='ocrx_word' id='word_1_189' title='bbox 186 2028 318 2074; x_wconf 89' lang='lat' dir='ltr'>tendit,</span> <span class='ocrx_word' id='word_1_190' title='bbox 340 2031 376 2064; x_wconf 88' lang='lat' dir='ltr'>et</span> <span class='ocrx_word' id='word_1_191' title='bbox 395 2039 460 2062; x_wconf 84' lang='lat' dir='ltr'>suo</span> <span class='ocrx_word' id='word_1_192' title='bbox 480 2026 554 2062; x_wconf 91' lang='lat' dir='ltr'>telo</span> <span class='ocrx_word' id='word_1_193' title='bbox 573 2027 746 2073; x_wconf 85' lang='lat' dir='ltr'>sagittam</span> <span class='ocrx_word' id='word_1_194' title='bbox 767 2028 931 2064; x_wconf 78' lang='lat' dir='ltr'>Huberti</span> <span class='ocrx_word' id='word_1_195' title='bbox 957 2028 998 2064; x_wconf 87' lang='lat' dir='ltr'>in</span> <span class='ocrx_word' id='word_1_196' title='bbox 1027 2029 1118 2066; x_wconf 86' lang='lat' dir='ltr'>duas</span> <span class='ocrx_word' id='word_1_197' title='bbox 1137 2036 1257 2078; x_wconf 86' lang='lat' dir='ltr'>partes</span> 
     </span>
    </p>
   </div>
   <div class='ocr_carea' id='block_1_7' title="bbox 44 2085 1258 2183">
    <p class='ocr_par' dir='ltr' id='par_1_7' title="bbox 44 2085 1258 2183">
     <span class='ocr_line' id='line_1_30' title="bbox 44 2085 1258 2139; baseline 0.001 -13"><span class='ocrx_word' id='word_1_198' title='bbox 44 2088 167 2126; x_wconf 82' lang='lat' dir='ltr'>findit.</span> <span class='ocrx_word' id='word_1_199' title='bbox 244 2088 381 2134; x_wconf 86' lang='lat' dir='ltr'>Ingens</span> <span class='ocrx_word' id='word_1_200' title='bbox 413 2086 459 2121; x_wconf 86' lang='lat' dir='ltr'>ad</span> <span class='ocrx_word' id='word_1_201' title='bbox 496 2085 636 2121; x_wconf 74' lang='lat' dir='ltr'>caelum</span> <span class='ocrx_word' id='word_1_202' title='bbox 683 2086 829 2123; x_wconf 85' lang='lat' dir='ltr'>tollitur</span> <span class='ocrx_word' id='word_1_203' title='bbox 865 2087 1014 2135; x_wconf 87' lang='lat' dir='ltr'>clamor,</span> <span class='ocrx_word' id='word_1_204' title='bbox 1046 2100 1258 2139; x_wconf 81' lang='lat' dir='ltr'>omnes-que</span> 
     </span>
     <span class='ocr_line' id='line_1_31' title="bbox 46 2141 576 2183; baseline -0.011 0"><span class='ocrx_word' id='word_1_205' title='bbox 46 2147 191 2183; x_wconf 81' lang='lat' dir='ltr'>Loxian</span> <span class='ocrx_word' id='word_1_206' title='bbox 209 2145 386 2180; x_wconf 87' lang='lat' dir='ltr'>victorem</span> <span class='ocrx_word' id='word_1_207' title='bbox 406 2141 576 2177; x_wconf 82' lang='lat' dir='ltr'>salutant.</span> 
     </span>
    </p>
   </div>
  </div>
 </body>
</html>
