1401 2369
104 103 152 138 30
535 102 886 144 Translations.

101 222 252 258 fratrem
270 223 474 258 adlectum
493 224 650 267 vocavit,
681 223 800 269 ei-que
828 235 951 258 curam
981 234 1176 270 parvorum
1209 221 1316 257 liber-

103 293 207 317 orum
243 282 445 318 mandavit.
514 282 585 318 Ille
621 282 750 317 multis
787 295 871 317 cum
907 282 1066 318 lacrimis
1102 283 1317 319 mandatum

103 341 246 388 accipit,
263 341 467 388 sidem-que
481 354 599 377 unum
611 354 751 376 annum
767 342 944 389 integram
961 346 1089 378 servat.
1147 342 1317 379 Secundo

102 404 227 436 tamen
253 413 362 445 anno,
384 402 485 448 quod
512 401 620 437 liberi
647 405 751 436 erant
778 402 873 448 agris
901 402 1148 449 nummis—que
1176 402 1318 438 divitis-

103 460 198 505 simi,
233 464 398 508 patruus,
433 461 512 496 auri
543 461 685 505 avidus,
720 460 874 496 insidias
906 461 1105 508 nepotibus
1140 461 1314 497 struebat.

105 520 237 567 Itaque
277 520 370 555 duos
411 519 572 555 latrones
609 520 655 555 ad
692 532 769 556 sese
805 520 975 567 appellat.
1049 519 1318 565 “Interficite,''

102 580 237 626 inquit,
289 579 416 614 “clam
457 579 524 615 hos
567 580 752 624 insantes3
799 579 906 615 vobis
952 591 1127 626 magnum
1171 580 1317 627 pondus

104 639 254 686 argenti,
276 639 435 686 pretium
456 639 586 684 caedis,
608 639 736 675 dabo.''
783 677 789 681 ,

241 778 304 817 42.
345 766 428 806 Tlce
445 766 578 806 Babes
598 767 643 805 in
661 767 727 806 tlze
758 767 811 806 W
809 767 886 806 eod
905 767 1169 820 (continued).

156 854 341 890 Postridie
374 855 507 889 Timon
538 854 634 889 mala
661 854 790 890 fraude
822 854 974 901 nepotes
1006 855 1120 905 adse
1151 854 1315 892 advocat.

109 914 299 959 “Hodie,’'
319 914 455 960 inquit,
478 916 500 932 “
516 914 658 950 vicinae
687 915 789 950 urbis
816 915 958 950 incolae
977 915 1085 950 ffirias
1113 919 1228 961 agunt
1241 928 1250 960 3
1277 915 1319 951 hi

105 974 218 1020 igitur
254 986 300 1009 ex
336 974 428 1009 meis
465 974 580 1009 servis
625 974 840 1019 fidelissimi,
881 974 1094 1010 deliciarum
1135 976 1243 1009 eausa
1282 977 1318 1010 et

105 1034 319 1081 voluptatis,
359 1046 425 1070 vos
462 1034 509 1069 ad
545 1034 667 1069 locum
711 1034 881 1071 ducent.''
937 1034 1058 1070 Simul
1095 1047 1207 1069 manu
1244 1034 1317 1070 duo

104 1093 265 1129 latrones
292 1094 464 1130 ostendit.
523 1094 650 1129 Liberi
677 1106 809 1140 magno
837 1107 920 1129 cum
948 1094 1080 1139 gaudio
1109 1093 1315 1138 discedunt,

105 1156 142 1188 et
173 1155 252 1200 jam
288 1154 412 1189 animo
444 1153 548 1188 mille
580 1153 739 1188 laetitias
772 1154 1011 1200 praecipiunt.
1070 1153 1163 1189 Mox
1194 1156 1318 1189 autem

103 1213 263 1248 viatores
281 1213 328 1248 ad
347 1213 499 1248 densam
526 1213 670 1257 silvam,
692 1213 812 1248 locum
832 1214 878 1248 ad
897 1213 1044 1248 caedem
1072 1213 1315 1260 aptissimum,

105 1273 270 1308 veniunt.
328 1271 438 1307 Forte
464 1284 563 1307 unus
595 1285 639 1307 ex
671 1272 875 1307 latronibus
907 1272 1019 1307 altero
1052 1275 1129 1307 erat
1160 1271 1315 1307 mollior.

106 1332 232 1378 Hujus
251 1323 379 1378 pectus
398 1335 499 1378 grata
518 1345 593 1367 vox
618 1332 815 1367 liberorum
844 1332 1034 1367 leiiiverat.
1092 1331 1165 1366 Hic
1192 1331 1315 1378 igitur,

105 1392 170 1427 ubi
188 1392 235 1427 ad
254 1391 376 1426 locum
394 1392 562 1435 veniunt,
584 1404 660 1426 non
680 1391 788 1426 modo
809 1391 945 1426 factum
965 1390 1107 1434 abnuit,
1124 1390 1188 1425 sed
1206 1390 1316 1426 etiam

105 1453 171 1486 sua
189 1463 301 1486 manu
320 1450 492 1485 comitem
512 1450 752 1485 crudeliorem
772 1450 965 1486 interfecit.

248 1586 314 1625 43.
354 1574 435 1613 lee
454 1573 586 1613 Babes
608 1574 651 1613 2⁸72
674 1574 737 1613 tlze
770 1574 898 1613 Wood
916 1572 1176 1625 (continued).

158 1663 284 1699 Liberi
312 1662 446 1709 gladiis
474 1665 510 1697 et
538 1674 664 1697 cruore
692 1662 876 1708 perterriti
909 1661 1076 1696 lacrimas
1108 1661 1314 1698 effundunt.

105 1721 237 1757 Victor
255 1724 378 1757 tamen
397 1721 566 1756 timorem
586 1721 733 1764 mulcet,
750 1732 898 1767 eos-que
912 1721 951 1755 in
966 1720 1170 1755 densiorem
1187 1720 1317 1755 silvam

107 1781 219 1817 ducit.
278 1779 419 1824 “Hic,'’
447 1780 582 1826 inquit,
610 1781 798 1825 “maneta
828 1780 918 1814 dum
946 1779 1024 1826 ipse
1051 1780 1204 1824 absum3
1231 1791 1318 1815 mox

107 1841 213 1876 vobis
226 1840 413 1888 placentas
427 1839 619 1886 lactis-que
632 1839 773 1885 copiam
787 1839 1013 1885 reportabo.⁷'
1069 1838 1189 1874 Simul
1204 1851 1225 1873 a
1239 1838 1318 1874 loco

108 1900 273 1936 discedit.
332 1899 459 1935 Unam
486 1898 614 1933 horam
634 1898 741 1932 liberi
760 1898 839 1932 sine
860 1898 990 1933 timore
1009 1898 1116 1933 flores
1134 1897 1319 1933 silvestres

107 1959 272 2006 undique
300 1958 506 2005 carpebant.
565 1957 657 1992 Mox
685 1957 784 2003 quod
813 1957 927 1992 fames
955 1969 1104 2004 corpora
1130 1956 1320 2004 premebat

107 2018 266 2054 reditum
299 2017 453 2053 latronis
484 2016 614 2051 misere
646 2015 854 2062 cupiebant.
913 2017 1063 2051 Frustra
1094 2019 1219 2051 tamen
1246 2016 1319 2052 huc

106 2078 196 2114 iHuc
226 2080 387 2120 currunt,
423 2079 460 2111 et
487 2087 596 2111 omne
631 2087 761 2110 nemus
797 2079 936 2111 maesto
964 2075 1120 2111 clamore
1147 2076 1317 2123 implent,

107 2151 215 2175 nemo
233 2138 333 2174 enim
352 2139 505 2183 questus
523 2147 648 2170 eorum
667 2135 780 2171 audit.
838 2135 1002 2171 Tandem
1029 2135 1116 2171 fessi
1143 2147 1263 2178 cursu,
1283 2142 1320 2170 et
