1401 2369
152 107 200 143 46
580 107 930 150 Translations.

567 287 632 338 67.
669 287 754 327 lee
784 288 950 328 Wolves.

202 372 381 410 Omnium
400 373 629 418 animalium,
650 386 744 421 quae
765 373 959 421 Scythiam
985 373 1166 422 incolunt,
1187 376 1366 412 teterrimi
1399 374 1401 379 ’

149 436 237 468 sunt
255 431 360 479 lupi3
387 432 429 468 hi
456 433 556 468 enim
584 446 691 480 saepe
722 433 768 468 ab
788 433 890 468 omni
908 437 1012 480 parte
1031 435 1269 481 conveniunt,
1290 447 1367 482 per-

150 505 221 540 que
252 493 365 528 silvas
395 505 529 540 magno
563 494 708 540 agmine
740 494 913 540 praedam
946 495 1156 541 exquirunt.
1213 495 1368 531 Femina

149 552 329 599 quaedam
374 565 458 588 cum
496 553 616 588 tribus
652 552 778 588 liberis
815 565 879 600 per
914 553 981 589 has
1027 554 1139 590 silvas
1183 554 1223 590 in
1259 567 1366 590 curru

151 611 361 648 vehebatur.
420 611 554 648 Subito
593 612 766 659 luporum
802 612 970 649 ululatus
1006 613 1167 658 auditur,
1207 617 1243 650 et
1278 626 1366 650 mox

149 671 272 707 dirum
302 684 432 718 agmen
465 674 625 719 apparet.
683 673 835 708 Frustra
870 673 936 708 illa
967 672 1131 709 habenas
1163 674 1227 710 dat
1259 686 1363 721 equ0,

148 744 262 779 equos
293 732 391 766 enim
424 731 532 766 facile
564 743 673 767 cursu
704 730 852 767 assiduo
885 736 1109 779 exsuperant
1140 732 1230 780 lupi.
1287 733 1366 769 Vix

147 792 258 828 breve
289 791 452 838 spatium
484 791 757 838 inter-ponitur,
791 791 1009 839 misera—que
1045 793 1185 828 femina
1219 792 1365 840 linguas

147 851 377 898 sanguineas,
405 851 529 886 fauces
557 851 690 897 nigras,
721 851 850 887 dentes
883 852 1049 888 crudeles
1080 853 1221 899 aspicit.
1277 853 1363 889 Jam

146 911 334 946 fervidum
353 910 526 957 spiritum
544 922 736 946 saevorum
755 911 974 946 animalium
993 911 1068 947 fere
1088 912 1212 948 sentit.
1268 912 1363 948 Tum

145 973 247 1006 metu
275 982 411 1006 vesano
444 973 561 1004 mater
593 982 639 1005 ex
672 981 779 1004 curm
812 971 1009 1005 minimum
1041 974 1132 1006 natu
1161 971 1362 1007 liberorum

145 1030 284 1077 dejicit,
324 1032 361 1065 et
398 1029 495 1065 dono
532 1027 702 1065 horribili
740 1029 919 1076 impetum
958 1029 1129 1077 luporum
1167 1043 1362 1079 parumper

145 1089 302 1125 cohibet.

419 1217 482 1255 68.
521 1215 605 1254 lee
637 1215 796 1255 l‘VOlves
819 1215 1075 1267 (continued).

192 1314 319 1350 Primo
347 1317 452 1349 atrox
481 1314 678 1349 consilium
705 1314 890 1358 successit,
912 1313 993 1360 lupi
1012 1314 1123 1358 enim,
1144 1313 1233 1349 dum
1251 1325 1359 1350 saevo

141 1375 298 1411 clamore
324 1374 498 1421 praedam
516 1373 678 1420 rapiunt,
699 1384 830 1419 agmen
849 1372 988 1408 sistunt
1001 1386 1013 1418 3
1039 1384 1129 1408 mox
1148 1375 1274 1409 tamen
1293 1374 1359 1409 ubi

140 1447 285 1471 carnem
305 1446 352 1468 ex
372 1433 516 1468 ossibus
534 1432 658 1467 miseri
674 1431 828 1467 infantis
844 1431 1116 1468 dilaniaverant
1132 1432 1214 1480 (nec
1228 1433 1360 1480 longus

139 1495 203 1530 ille
215 1494 288 1529 fuit
300 1491 419 1540 labor)
434 1493 566 1527 iterum
581 1491 1024 1538 fugientibusinstabant.
1067 1492 1209 1527 Iterum
1222 1492 1359 1529 femina

138 1554 274 1590 infelix
301 1553 400 1588 idem
428 1552 528 1596 facit,
558 1551 802 1596 alterum-que
831 1550 1015 1586 infantem
1047 1551 1146 1598 lupis
1178 1553 1355 1589 concedit.

139 1614 299 1660 Jamque
327 1625 391 1659 per
417 1610 574 1656 arbores,
595 1610 847 1657 spectaculum
877 1611 1137 1656 gratissimum,
1165 1611 1245 1647 visa
1271 1616 1359 1648 sunt

139 1676 235 1709 tecta
253 1672 400 1708 aedium
419 1671 459 1706 in
479 1670 616 1717 quibus
635 1669 744 1704 amici
763 1669 996 1714 habitabant,
1019 1670 1224 1718 fessus-que
1242 1684 1358 1719 equus

137 1732 342 1781 ingeminat
361 1743 517 1767 cursum.
576 1730 656 1765 Nec
672 1732 795 1765 tamen
811 1730 964 1765 domum
979 1731 1143 1775 advenit,
1161 1734 1355 1779 antequam

139 1796 254 1829 mater
271 1791 422 1827 tertium
443 1790 626 1825 infantem
645 1789 774 1824 eodem
794 1790 904 1825 modo
924 1791 1033 1827 morti
1054 1791 1199 1838 objecit.

190 1852 284 1888 Inde
295 1851 362 1886 ubi
375 1852 639 1886 convocaverat
654 1849 881 1896 propinquos
894 1850 1012 1886 fatum
1028 1851 1226 1886 liberorum
1239 1863 1357 1887 suam-

137 1925 209 1960 que
235 1911 360 1958 fugam
388 1909 559 1945 narravit.
631 1909 725 1943 Tum
758 1909 943 1945 maximus
976 1913 1076 1954 natu,
1118 1909 1209 1945 dum
1245 1911 1357 1947 ceteri

136 1973 284 2008 horrore
320 1968 568 2017 obstupefacti
605 1972 693 2004 sunt
706 1982 717 2014 3
757 1971 778 1988 “
790 1969 847 2004 Tu
885 1970 960 2004 tuis
995 1969 1237 2016 infantibus,·‘'
1268 1983 1356 2007 voce

136 2031 260 2079 inquit
273 2030 441 2074 terribili,
461 2031 483 2048 ‘⁴
495 2042 571 2065 non
586 2028 761 2077 parcebas
776 2042 786 2074 3
812 2041 880 2065 nec
896 2042 961 2076 ego
977 2029 1047 2064 tibi
1061 2041 1160 2064 nunc
1175 2030 1355 2076 parcam.''

137 2092 238 2127 Haec
257 2091 323 2126 ubi
337 2090 491 2134 dixerat,
510 2089 638 2134 securi,
657 2101 767 2137 quam
788 2101 901 2125 manu
917 2088 1078 2134 tenebat,
1095 2092 1206 2136 caput
1220 2089 1355 2136 impiae

139 2151 263 2186 matris
283 2150 473 2196 percussit.
