1401 2369
134 135 181 170 58
564 135 914 176 Translations.

563 311 586 349 8
593 320 626 359 3.
657 310 710 349 H
707 309 924 360 ospz'tality.

184 407 307 443 Multa
345 407 556 444 audivimus
593 407 639 443 de
675 407 770 442 luxu
807 407 1037 454 divitiis-que
1077 419 1204 444 eorum
1239 418 1349 443 sacer-

132 467 272 512 dotum,
301 468 366 514 qui
400 468 511 503 sacris
539 467 682 504 Cereris
714 470 928 513 prae—erant.
985 466 1045 501 Ex
1076 466 1136 502 his
1163 478 1270 510 unus,
1291 465 1351 501 cui

131 538 266 561 nomen
310 530 387 562 erat
430 527 563 574 Lycus,
604 538 816 573 quanquam
853 525 1016 561 modicas
1052 525 1162 561 modo
1198 525 1350 560 divitias

130 585 301 632 habebat,
323 599 450 622 omnes
470 586 561 622 alios
581 586 812 631 benignitate
831 589 868 621 et
892 584 1113 620 liberalitate
1141 584 1345 632 superabat.

131 645 204 680 Hic
233 646 343 691 enim,
373 646 438 693 qui
466 645 633 693 quotidie
661 645 786 680 cibum
814 645 928 681 semel
961 644 1102 689 edebat,
1133 656 1275 691 semper
1302 644 1349 678 ad

125 704 307 751 frugalem
352 717 480 740 cenam
526 703 633 739 binos
670 715 850 750 pauperes
888 703 1055 739 vocabat.
1131 702 1345 751 Aliquando

126 765 215 800 dum
261 777 344 800 cum
390 764 535 799 duobus
580 763 807 810 pauperibus
853 775 984 798 cenare
1032 763 1174 810 incipit,
1213 763 1345 799 tertius

125 824 267 871 hospes,
291 836 401 871 quem
429 823 507 871 ipse
535 836 609 859 11011
629 828 833 868 vocaverat,
857 823 1009 859 domum
1031 822 1194 859 intravit.
1250 823 1345 858 Tum

126 884 259 931 Lycus,
277 884 377 931 quod
397 896 486 920 cena
504 889 682 931 quattuor
700 883 867 920 convivis
885 897 959 919 non
980 883 1214 931 suppetebat,
1236 895 1345 918 suum

126 945 263 980 lectum
300 945 463 980 advenae
499 944 679 980 concessit
708 943 886 993 (Romani
925 943 1035 989 enim,
1069 943 1161 979 dum
1200 948 1342 987 cenant,

126 1005 165 1040 in
193 1004 296 1040 lectis
325 1017 469 1051 semper
491 1004 695 1051 jacebant).
754 1004 881 1047 “Tu,⁷'
900 1003 1036 1051 inquit,
1060 1002 1205 1039 “hodie
1234 1014 1346 1047 cena,

126 1065 297 1112 equidem
338 1064 417 1100 heri
459 1064 610 1109 cenavi,
648 1077 727 1100 cras
770 1076 920 1111 quoque
957 1064 989 1099 si
1027 1063 1084 1099 dis
1123 1063 1178 1098 ita
1214 1062 1344 1110 placet,

127 1125 299 1160 cenabo.⁷⁷

389 1231 453 1281 84.
484 1233 669 1280 Honesty
690 1232 727 1271 is
748 1232 812 1271 ille
833 1232 917 1271 best
935 1232 1086 1282 Policy.

175 1328 325 1374 Padius,
348 1330 505 1376 agricola
524 1331 673 1378 probus,
691 1331 756 1378 qui
771 1331 890 1366 multo
910 1331 1034 1366 labore
1049 1329 1191 1377 aliquid
1207 1330 1347 1376 argenti

123 1388 326 1434 collegerat,
357 1401 506 1425 vaccam
543 1390 695 1425 tandem
726 1391 827 1436 emit,
858 1391 963 1436 cujus
1000 1390 1094 1425 lacte
1132 1392 1169 1424 et
1201 1400 1279 1424 sese
1310 1393 1347 1424 et

122 1447 257 1482 liberos
276 1447 406 1485 alebat.
467 1448 685 1496 Complures
710 1462 854 1485 menses
882 1449 971 1484 satis
999 1448 1128 1496 pabuli
1147 1447 1347 1494 praebebat

121 1510 268 1553 pratum
296 1507 398 1543 haud
427 1508 480 1544 ita
507 1521 708 1555 magnum,
735 1513 774 1545 at
801 1509 924 1545 media
950 1511 1098 1552 aestate,
1120 1506 1220 1554 quod
1246 1510 1348 1542 totus

122 1579 204 1613 ager
231 1567 357 1602 ardore
386 1568 475 1604 solis
503 1568 721 1614 torrebatur,
743 1568 808 1604 illa
835 1569 932 1604 fame
959 1567 1091 1603 misere
1128 1578 1252 1614 pressa
1279 1571 1344 1602 est.

121 1626 202 1661 Hoc
222 1626 289 1661 ubi
308 1627 423 1663 sensit
451 1627 602 1672 Padius,
624 1628 724 1674 quod
752 1628 927 1663 acerrimo
956 1626 1080 1662 dolore
1112 1624 1350 1672 perturbatus

122 1690 186 1730 est,
208 1685 255 1721 ad
282 1686 456 1722 horreum
484 1687 614 1723 divitis
642 1687 773 1732 coloni,
796 1687 862 1733 qui
882 1698 958 1722 non
986 1685 1114 1733 procul
1142 1683 1346 1729 habitabat,

122 1749 235 1780 noctu
254 1747 414 1782 accessit.
475 1746 548 1782 Hic
576 1751 773 1794 postquam
801 1746 975 1782 humeros
1004 1756 1136 1791 magno
1156 1743 1234 1779 seni
1261 1755 1349 1791 pon-

121 1805 206 1840 dere
241 1805 419 1851 oneravit,
450 1806 574 1841 subito
605 1818 692 1841 suae
720 1805 873 1841 virtutis
910 1816 1050 1840 memor
1084 1802 1264 1851 pabulum
1291 1802 1350 1837 his

120 1863 244 1899 verbis
264 1863 311 1898 ad
331 1868 464 1900 terram
483 1865 619 1911 dejecit
634 1878 644 1910 3
676 1864 850 1911 “Magna
877 1868 933 1900 est
961 1863 1136 1911 probitas,
1158 1873 1225 1896 nec
1253 1860 1350 1896 malo

121 1925 220 1959 furto
240 1935 389 1959 vaccam
409 1936 551 1960 servare
571 1924 690 1960 volo.''
745 1924 931 1959 Postridie
960 1923 1123 1966 colonus,
1146 1932 1258 1967 quem
1282 1932 1350 1956 1100

121 1984 261 2018 sactum
290 1994 358 2017 nec
387 1984 499 2018 verba
527 1983 636 2018 Padii
664 1983 884 2027 fefellerant,
907 1983 1047 2018 donum
1075 1980 1122 2015 ad
1141 1991 1226 2014 eum
1249 1979 1351 2014 misit

121 2047 267 2078 tantum
287 2041 376 2087 feni,
398 2047 581 2089 quantum
604 2042 769 2089 plaustro
788 2042 876 2077 vehi
902 2045 1056 2089 poterat,
1079 2051 1163 2074 cum
1183 2037 1348 2084 epistola,

119 2103 159 2137 in
192 2102 265 2147 qua
297 2100 386 2135 haec
420 2102 557 2148 scripta
590 2105 716 2146 erant,
761 2101 936 2148 “Magna
965 2111 1052 2137 vero
1085 2100 1141 2134 est
1172 2096 1347 2145 probitas,

119 2160 293 2208 equidem
313 2163 438 2195 tamen
458 2164 560 2196 tuam
580 2171 728 2195 vaccam
749 2172 891 2195 servare
911 2157 1028 2195 volo.'’
