1401 2369
150 131 198 166 68
582 130 933 172 Translations.

148 254 269 291 dutus.
328 254 427 290 Olim
460 255 550 291 dum
587 268 652 303 per
687 255 876 302 quandam
911 255 1045 292 silvam
1083 256 1153 292 iter
1187 257 1289 301 facit,
1321 256 1367 292 de

147 315 348 361 improviso
387 327 409 350 a
444 315 564 351 tribus
599 315 805 350 latronibus
843 327 1049 362 oppressus,
1084 316 1125 352 in
1163 317 1367 352 maximum

146 374 278 422 capitis
305 375 510 422 periculum
538 375 720 410 adductus
748 377 812 411 est.
868 375 924 411 At
941 376 1099 411 rusticus
1118 376 1282 423 quidam,
1303 376 1368 423 qui

145 434 193 470 ad
225 435 433 481 clangorem
470 447 655 470 armorum
687 438 902 480 occurrerat,
932 435 1051 471 securi
1086 439 1258 480 armatus,
1291 435 1368 482 regi

145 493 365 530 vulneribus
403 498 440 529 et
476 494 601 530 labore
640 506 756 541 paene
792 495 971 540 confecto,
1007 496 1190 531 auxilium
1227 495 1365 541 attulit,

145 554 377 601 fugavit-que
397 554 568 590 latrones.
626 554 720 589 Tum
736 554 801 589 ubi
816 555 974 590 rusticus
989 567 1055 602 pro
1070 559 1173 591 tanto
1188 556 1367 591 beneficio

145 614 348 661 praemium
377 614 538 660 accipere
566 613 691 648 noluit
702 626 714 659 3
745 625 812 648 rex
842 613 1055 659 “Saltem‚''
1087 615 1221 666 inquit,
1253 615 1369 650 “redi

146 686 300 709 me-cum
321 674 368 708 ad
396 674 535 717 urbem,
557 675 630 720 qua
657 676 695 709 te
723 672 835 720 digno
863 674 1042 721 accipiam
1068 674 1243 722 hospitio,
1266 674 1368 721 quod

149 734 225 781 ipse
243 733 344 781 apud
363 745 485 779 regem
504 732 668 769 habito.’'

464 880 549 908 100.
594 869 738 908 leiclz
760 869 796 908 z's
817 869 883 908 tlze
901 870 950 908 K
954 871 1030 921 ing
1042 870 1064 909 ?

199 957 385 1002 Rusticus,
408 957 473 1003 qui
500 968 622 1002 regem
650 956 776 991 videre
801 956 911 992 valde
940 957 1124 1003 cupiebat,
1145 956 1265 993 laetus
1285 969 1369 993 cum
1399 945 1401 1006 J}

146 1017 293 1064 hospite
312 1017 439 1063 ignoto
459 1016 505 1051 ad
525 1016 661 1062 regiam
683 1015 754 1050 iter
773 1016 870 1051 fecit.
930 1016 1018 1051 Post
1038 1028 1176 1059 cenam,
1206 1029 1270 1052 rex
1292 1019 1313 1035 “
1327 1016 1368 1052 Si

147 1077 205 1113 vis
217 1078 237 1094 ''
267 1077 403 1124 inquit,
436 1078 458 1095 “
471 1088 627 1110 nie-culn
656 1075 697 1110 in
725 1075 878 1110 alteram
898 1079 1039 1122 partem
1067 1075 1214 1110 aedium
1234 1076 1299 1122 ire,
1332 1080 1368 1111 et

146 1149 268 1184 regem
301 1140 338 1171 et
366 1136 509 1171 nobiles
537 1134 743 1182 complures
772 1134 843 1170 tibi
872 1135 1101 1171 ostendam.'⁷
1131 1138 1152 1154 “
1169 1135 1368 1181 Maxime‚”

146 1196 338 1244 respondit
352 1196 522 1241 rusticus,
539 1194 633 1230 “sed
646 1194 831 1241 quomodo
843 1207 963 1242 regem
978 1207 1196 1242 cognoscere
1210 1195 1370 1242 poter0.’'

152 1256 339 1300 “Facile,''
353 1254 544 1301 respondit
559 1254 632 1298 ille,
650 1256 770 1289 “nam
785 1255 895 1289 ceteri
907 1257 996 1289 sunt
1009 1255 1128 1301 capite
1143 1254 1294 1300 nudato,
1308 1267 1373 1291 rex

151 1320 273 1352 autem
289 1315 388 1350 solus
401 1314 520 1361 capite
536 1316 662 1360 operto
678 1314 838 1348 manet.''
876 1313 971 1348 Inde
986 1313 1226 1360 splendidum
1240 1314 1373 1350 ineunt

151 1377 296 1420 atrium,
318 1374 383 1410 ubi
411 1373 560 1409 adstant
587 1373 659 1408 viri
678 1372 894 1419 complures7
917 1376 1015 1408 ostro
1034 1373 1197 1419 insignes
1217 1376 1254 1408 et
1272 1386 1369 1410 auro.

152 1436 304 1471 Frustra
331 1434 489 1469 rusticus
517 1432 633 1468 oculis
661 1444 781 1479 regem
810 1445 874 1478 per
892 1435 1012 1467 totum
1033 1436 1177 1467 coetum
1198 1433 1369 1479 exquirit.

152 1495 317 1531 Tandem
330 1493 376 1529 ad
392 1493 563 1528 comitem
578 1504 724 1536 versus;
753 1491 841 1526 “Ex
857 1491 996 1536 nobis‚''
1013 1492 1148 1538 inquit,
1167 1495 1189 1510 “
1202 1491 1293 1527 alter
1307 1499 1372 1528 re'x

152 1554 353 1592 necessario
368 1555 434 1597 est,
450 1564 535 1589 nam
551 1551 620 1588 soli
636 1564 681 1587 ex
697 1554 800 1587 tanto
816 1553 921 1587 coetu
938 1551 1057 1598 capite
1073 1563 1200 1587 sumus
1212 1551 1371 1598 operto.”
