1401 2369
128 85 174 123 16
565 85 915 127 Translations.

124 223 217 247 cum.
275 211 355 246 Nec
389 211 490 246 canis
522 213 666 247 reci-isat
703 223 878 258 pugnam,
912 210 978 246 sed
1010 212 1130 248 saevis
1167 211 1346 248 dentibus

124 272 244 305 tentat
262 269 373 305 modo
389 274 543 316 tergum,
561 269 671 307 modo
690 271 864 314 frontem,
880 270 987 307 tauri.
1043 271 1138 306 Tum
1158 284 1250 318 puer
1268 284 1344 307 non

123 330 386 376 praetermittit
418 330 658 374 occasionem,
687 333 725 365 at
758 329 885 365 desilit
921 342 968 365 ex
995 330 1132 376 arbore,
1163 330 1343 377 petit—que

123 389 257 436 sugam.
314 387 530 423 Adversarii
562 400 628 423 nec
660 387 828 423 sentiunt
858 388 995 435 fugam,
1029 401 1098 424 nec
1127 388 1344 436 relinquunt

123 461 295 496 pugnam.
353 448 487 495 Itaque
506 447 607 483 Nero
627 450 732 483 tutus
759 460 780 483 a
807 451 912 483 tanto
932 447 1095 494 periculo
1113 449 1190 495 agit
1207 449 1343 496 gratias

123 509 181 544 dis
200 521 265 555 pro
284 507 412 544 salute.
1158 513 1161 516 '

530 605 588 646 15.
620 597 744 648 Lady
768 597 940 637 Godz'va.

177 672 309 720 Gyges,
340 684 495 718 magnus
522 675 559 706 et
588 671 768 717 superbus
796 672 977 718 princeps,
998 671 1159 719 graviter
1185 672 1344 707 vexabat

122 732 262 768 incolas
298 731 403 778 parvi
436 731 577 778 oppidi,
610 730 767 765 finitimi
798 731 875 765 suis
907 731 1071 768 aedibus.
1127 731 1342 777 Aliquando

123 791 335 839 postulabat
357 804 378 826 a
402 790 546 825 civibus
574 789 758 824 tributum
786 789 913 825 decem
941 790 1175 826 talentorum.
1234 789 1344 826 Cives

123 852 237 899 igitur
254 851 385 886 multis
404 850 565 885 lacrimis
584 849 860 885 communicant
879 849 1043 885 dolorem
1071 862 1155 885 cum
1185 849 1340 893 Godiva,

124 924 237 947 uxore
279 910 405 957 Gygis.
483 909 578 944 Inde
625 908 783 953 Godiva,
825 921 912 956 prae
957 909 1214 953 misericordia,
1249 908 1344 955 petit

125 970 271 1006 veniam
290 982 311 1005 a
330 968 497 1016 conjiige,
514 972 626 1015 atque
645 968 831 1015 impetrat,
848 967 913 1003 sed
933 968 1035 1003 duris
1054 968 1339 1004 conditionibus.

125 1031 201 1066 Diu
229 1029 387 1065 haesitat
400 1041 411 1074 3
438 1028 590 1064 tandem
618 1040 720 1063 amor
748 1028 868 1064 vincit
895 1028 1085 1075 pudorem,
1106 1040 1173 1063 nec
1203 1030 1345 1063 recusat

125 1089 366 1126 conditiones.
425 1087 615 1134 Oppidani
634 1087 814 1123 claudunt
829 1091 953 1134 portas
972 1090 1009 1123 et
1027 1087 1215 1132 fenestras,
1233 1087 1345 1123 disce-

126 1151 309 1196 dunt-que
327 1161 346 1185 e
365 1148 468 1185 vicis.
526 1147 621 1182 Tum
643 1147 789 1183 Godiva
808 1147 970 1182 detrahit
988 1150 1128 1183 vestem
1142 1160 1153 1193 3
1180 1148 1345 1184 ascendit

125 1209 288 1256 equum,
324 1207 425 1243 nuda
462 1206 606 1253 equitat
637 1218 703 1253 per
729 1206 854 1252 vicos3
892 1205 1092 1253 habet-que
1128 1207 1341 1253 praemium.

127 1268 234 1304 Grati
253 1267 351 1303 cives
369 1265 481 1302 hodie
500 1269 648 1302 servant
667 1265 881 1301 memoriam
901 1265 1066 1301 Godivae
1085 1272 1219 1313 magna
1237 1273 1331 1303 cura.

523 1386 582 1425 16.
606 1384 810 1436 Faz'tllful
829 1384 957 1425 Caleb.

182 1467 315 1502 Timon
343 1465 401 1501 vir
437 1466 514 1499 erat
545 1462 741 1510 generosus
770 1461 835 1497 sed
868 1464 1011 1508 egenus.
1070 1462 1275 1499 Habitabat
1307 1463 1348 1498 in

130 1526 283 1562 aedibus
307 1524 451 1571 magnis
478 1522 543 1558 sed.
570 1522 756 1567 obsoletis,
778 1524 814 1557 et
841 1534 948 1568 saepe
975 1522 1156 1558 tolerabat
1183 1523 1346 1570 inopiam

130 1588 212 1624 cibi.
299 1586 469 1631 Calebus,
517 1596 643 1620 servus
699 1583 933 1629 domesticus,
980 1584 1142 1619 multum
1202 1585 1347 1620 amabat

129 1649 334 1691 Timonem,
381 1649 418 1681 et
463 1644 604 1680 celabat
650 1643 847 1690 diligenter
891 1647 1148 1691 paupertatem
1193 1644 1344 1680 domini.

130 1706 345 1754 Aliquando
371 1705 482 1741 multi
512 1705 670 1739 viatores
697 1703 873 1750 petebant
901 1704 1107 1751 hospitium
1134 1717 1155 1740 a
1182 1704 1343 1741 Timone.

130 1768 201 1803 Vir
232 1766 416 1813 benignus
447 1765 607 1800 libenter
639 1763 755 1810 aperit
787 1766 911 1810 portas
939 1764 1096 1800 aedium.
1154 1763 1232 1799 Ubi
1259 1763 1348 1800 hora

132 1835 241 1858 cenae
260 1824 376 1866 adest,
398 1822 497 1869 quod
516 1822 677 1857 habebat
700 1822 848 1857 nullum
867 1823 1004 1868 cibum,
1021 1823 1180 1859 Calebus
1195 1822 1348 1869 paulum

130 1887 263 1923 haeret.
321 1884 480 1920 Vicinus
499 1882 594 1917 sorte
623 1881 831 1917 celebrabat
859 1881 986 1929 epulas
999 1895 1010 1928 3
1036 1882 1160 1917 subito
1189 1881 1348 1918 Calebus

132 1947 244 1983 currit
263 1946 310 1981 ad
329 1945 451 1980 locum
471 1946 508 1978 et
527 1947 661 1988 magna
678 1954 777 1987 voce,
798 1943 820 1960 ‘⁶
832 1941 956 1977 Aedes
974 1941 1138 1986 ardent,'’
1153 1941 1344 1978 exclamat.

133 2007 323 2043 Convivae
351 2005 549 2050 erumpunt
581 2001 654 2036 huc
687 2001 788 2036 illuc.
844 2001 898 2036 At
934 2001 1093 2038 Calebus
1130 2000 1211 2036 sine
1247 2001 1348 2037 mora

131 2066 312 2103 abstrahit
331 2078 352 2101 a
370 2069 496 2099 mensa
511 2061 674 2098 nitidum
691 2060 867 2107 anserem,
883 2061 1125 2109 apponit-que
1144 2060 1349 2099 viatoribus

132 2126 258 2173 epulas
276 2123 500 2171 magnificas.
