1401 2369
119 108 166 145 96
551 104 899 146 Translations.

455 253 539 291 143.
578 241 734 290 Tz‘mely
753 241 1005 282 Assz'stance.

169 318 263 354 Inde
278 317 451 363 Glaucus,
469 330 584 365 quum
599 318 678 364 jam
692 317 740 353 ad
759 317 938 365 oppidum
953 321 1274 368 appropinquaret,
1290 320 1330 356 in

115 381 267 414 nautam
312 377 499 424 quendam
543 378 656 413 altero
701 377 794 424 pede
839 378 1012 414 claudum
1057 380 1199 416 incidit.
1257 380 1330 415 Hic

115 438 259 485 aliquid
278 438 353 472 cibi
371 437 417 473 ab
438 450 480 473 eo
498 438 617 484 petiit.
676 436 748 473 Cui
765 449 857 484 puer
875 437 915 472 id
934 438 1034 484 quod
1053 438 1237 486 reliquum
1256 442 1331 474 erat

115 497 222 544 panis
259 495 372 532 dedit.
430 496 502 532 His
539 495 716 531 faciendis
752 498 900 531 tantum
937 496 1011 532 diei
1043 501 1328 545 consumpserat,

114 560 168 603 ut,
190 556 281 592 dum
300 556 453 592 domum
471 569 517 592 ex
537 556 674 603 oppido
695 556 803 602 redit,
823 559 932 592 nocte
959 568 1163 604 oppressus,
1184 569 1331 593 cursum

115 620 239 653 tenere
258 628 335 652 non
353 619 487 664 posset,
507 616 571 651 sed
598 628 663 662 per
689 616 810 651 aviam
837 616 972 651 silvam
999 619 1140 652 erraret.
1197 615 1331 653 Subito

115 681 238 713 autem
258 676 332 712 duo
350 676 523 720 latrones,
544 675 610 722 qui
636 675 677 710 in
705 675 799 711 silva
825 675 1001 721 latebant,
1024 688 1070 711 ex
1089 675 1235 712 insidiis
1252 688 1332 723 pro-

115 738 256 783 siliunt,
291 748 534 785 puerum-que
571 738 718 782 raptum
750 738 852 771 veste
889 735 1045 782 spoliare
1082 739 1223 782 parant.
1278 735 1333 771 At

116 798 217 834 canis
235 796 365 840 fidelis,
382 795 448 842 qui
467 794 651 830 Glaucum
670 797 792 829 totum
813 794 912 829 diem
930 797 1078 829 secutus
1097 797 1162 839 est,
1182 794 1332 830 alterius

114 857 270 894 latronis
302 868 384 891 crus
416 858 493 890 tam
525 854 655 889 acriter
686 853 895 899 momordit,
924 857 967 889 ut
994 853 1055 889 hic
1083 866 1166 889 cum
1192 854 1332 901 gemitu

115 929 271 966 puerum
321 915 504 951 liberaret.
583 913 704 951 Simul
749 925 823 949 vox
871 912 1054 949 horrenda
1102 913 1230 949 audita
1277 917 1333 949 est

116 977 320 1020 clamantis,
356 975 451 1010 “En
478 974 638 1010 latrones
666 973 732 1018 issi,
762 985 854 1020 quos
881 973 1025 1009 tamdiu
1048 973 1142 1009 ferro
1169 973 1333 1021 igni-que

116 1036 337 1084 sequimur.”
406 1034 487 1080 Qua
522 1045 611 1069 voce
654 1032 774 1068 territi
816 1032 923 1068 ambo
974 1032 1209 1080 diffugerunt.
1280 1032 1334 1068 At

118 1096 291 1141 Glaucus,
342 1094 390 1130 ad
448 1093 642 1129 clamorem
696 1104 903 1136 conversus,
955 1095 1107 1127 nautam
1161 1092 1335 1139 cognovit

119 1155 304 1200 claudum,
321 1166 433 1202 quem
452 1164 578 1189 caecus
597 1152 661 1187 ille
680 1164 726 1187 ex
744 1151 908 1186 humeris
926 1150 1105 1198 portabat.
1163 1151 1218 1186 Hi
1235 1151 1335 1187 enim

119 1216 164 1252 de
197 1215 360 1251 consiliis
396 1214 583 1249 latronum
612 1211 782 1247 certiores
814 1210 904 1246 facti
933 1213 1097 1258 tempore
1127 1213 1335 1258 opportuno

120 1275 286 1312 subsidio
305 1277 497 1309 venerunt.

431 1360 516 1398 144.
546 1347 629 1386 The
648 1347 906 1386 Ill-natured
921 1347 1018 1397 Boy.

173 1427 287 1464 Haud
331 1425 459 1474 procul
495 1424 542 1460 ab
579 1436 621 1460 eo
658 1424 738 1459 loco
775 1422 970 1458 habitabat
1005 1435 1096 1470 puer
1132 1424 1334 1471 improbus,

121 1488 270 1524 nomine
298 1486 407 1522 Nero.
465 1484 539 1520 Hic
567 1484 667 1527 olim,
689 1483 778 1518 dum
805 1494 870 1529 per
897 1495 999 1529 agros
1022 1485 1188 1529 vagatur,
1209 1495 1336 1519 canem

121 1560 229 1584 suum
247 1546 294 1582 ad
313 1558 399 1581 oves
418 1544 596 1592 quasdam
615 1542 813 1586 vexandas,
836 1554 928 1588 quae
946 1542 988 1577 in
1010 1546 1114 1590 prato
1142 1542 1336 1589 pasceban-

121 1611 192 1652 tur,
231 1605 410 1641 incitavit.
471 1604 552 1649 Quo
590 1602 802 1650 perterritae
839 1613 966 1637 omnes
1002 1601 1253 1649 diffugerunt:
1298 1605 1337 1638 at

122 1668 213 1703 aries
248 1677 414 1712 magnus,
449 1664 527 1699 dux
563 1662 691 1710 gregis,
723 1662 776 1697 ira
805 1665 938 1707 motus,
971 1674 1084 1697 cornu
1120 1662 1173 1697 ita
1207 1661 1337 1697 acriter

122 1739 249 1763 canem
269 1725 385 1772 petiit,
408 1727 450 1759 ut
468 1724 499 1759 is
519 1722 671 1758 claudus
690 1721 893 1768 tristis-que
911 1721 960 1756 ad
978 1721 1172 1757 dominum
1189 1721 1332 1757 rediret.

124 1788 222 1823 Nero
242 1788 374 1829 autem,
397 1796 513 1830 quum
541 1782 650 1829 paulo
684 1781 830 1828 longius
849 1780 895 1816 ab
915 1793 957 1816 eo
984 1780 1064 1816 loco
1092 1781 1335 1828 processisset,

122 1857 255 1894 parvae
273 1843 418 1892 puellae
437 1842 605 1886 occurrit,
623 1853 716 1888 quae
742 1840 1009 1886 mulctrarium,
1030 1841 1139 1876 niveo
1158 1840 1253 1875 lacte
1271 1840 1337 1875 im-

123 1906 275 1954 pletum,
309 1914 453 1939 summo
491 1901 609 1948 capite
642 1900 822 1948 portabat.
893 1901 1000 1936 Hanc
1033 1912 1124 1948 puer
1152 1899 1338 1947 malignus

122 1966 260 2002 salvere
289 1963 411 2011 jussit.
482 1960 643 2006 Deinde,
677 1972 793 2007 quum
812 1959 877 1995 illa
895 1960 1150 2007 praeteriisset,
1172 1958 1233 1994 hic
1256 1971 1337 1995 con-

123 2037 260 2070 versus,
281 2024 362 2071 ejus
389 2021 556 2068 vestigiis
583 2021 769 2068 ingressus
788 2023 852 2055 est.
915 2019 1088 2066 Denique
1109 2018 1234 2055 subito
1260 2018 1338 2054 ictu

122 2084 376 2121 mulctrarium
396 2081 620 2125 deturbavit,
638 2083 675 2115 et
693 2079 852 2124 vultum,
870 2078 1033 2126 capillos,
1049 2080 1201 2123 vestem,
1217 2080 1335 2114 totum

124 2156 254 2192 corpus
272 2141 432 2179 infelicis
449 2139 596 2188 puellae
615 2139 710 2175 lacte
728 2138 934 2174 madefecit.
