1401 2369
442 119 796 161 Translations.
1183 120 1230 156 53

14 244 263 291 perfsigerunt.
321 243 402 279 Rex
430 244 554 290 igitur,
576 243 641 289 qui
665 242 879 289 junioribus
907 254 1050 289 semper
1068 241 1226 287 favebat,

13 302 219 339 Robertum
238 303 279 338 in
297 303 472 339 exsilium
490 302 678 349 relegavit.

276 439 339 480 77.
371 429 483 468 How
503 435 541 467 to
553 429 690 479 please
710 427 980 478 Evemtbody!

70 516 192 554 Senex
224 517 387 564 quidam,
422 517 487 563 qui
519 517 664 551 asinum
696 515 856 551 vendere
883 515 1015 560 voluit,
1045 528 1129 551 cum
1157 515 1233 551 filio

17 589 102 612 eum
121 577 169 612 ad
186 577 315 613 urbem
334 577 502 612 ducebat.
560 575 655 611 Mox
677 578 874 611 occurrunt
901 575 1012 611 choro
1033 576 1232 622 virginum,

17 648 110 683 quae
135 635 232 671 dona
250 634 296 669 ad
315 637 497 683 templum
522 635 715 671 Minervae
747 635 955 682 portabant.
1029 637 1051 653 ‘⁶
1067 634 1235 679 Hercle‚”

17 697 154 743 inquit,
171 709 217 731 ex
233 696 292 731 his
307 696 470 731 maxima
484 699 586 739 natu,
606 698 629 714 “
641 694 840 741 num-quid
854 697 976 742 potest
991 706 1068 730 esse
1083 694 1236 729 stultius

17 756 103 801 illis,
125 756 191 803 qui
210 755 367 802 pedibus
386 755 457 790 iter
475 755 631 799 faciunt,
651 767 719 790 nec
739 755 843 790 asino
862 754 1097 790 vehuntur2⁷²
1152 753 1236 790 Hoc

17 816 85 851 ubi
117 815 262 851 audivit
296 827 421 860 senex,
452 814 574 850 filium
605 815 752 850 asinum
780 814 1023 850 conscendere
1046 814 1171 861 jussit,
1199 818 1237 850 et

19 876 98 923 ipse
126 875 235 911 alacri
263 887 388 922 gressu
416 875 486 910 iter
514 875 697 922 pergebat.
754 874 843 910 Non
870 874 998 921 procul
1027 874 1073 909 ab
1092 886 1134 910 eo
1156 873 1236 910 loco

20 935 135 982 aliqui
171 948 275 971 senes
311 947 517 970 sermonem
554 934 652 970 inter
683 946 721 969 se
753 933 933 970 serebant.
999 933 1096 969 Tum
1127 946 1235 979 unus,

22 995 200 1039 “Ehem''
237 994 372 1041 inquit,
412 997 632 1041 “quantum
668 997 834 1040 tempora
869 995 1084 1029 mutantur!
1158 992 1239 1029 Ubi

19 1066 120 1090 nuno
149 1057 204 1090 est
235 1054 298 1089 ille
326 1054 527 1090 senectutis
555 1053 725 1101 proprius
753 1053 894 1099 honor3
923 1052 1032 1088 desili
1060 1065 1107 1088 ex
1133 1053 1238 1088 asino

19 1126 111 1162 puer
128 1110 336 1161 impudens,
354 1117 391 1149 et
410 1114 507 1161 patri
523 1111 644 1150 cede.’'
698 1113 794 1148 Inde
808 1112 972 1159 juvenis,
990 1125 1099 1159 quem
1119 1113 1238 1159 pudor

20 1174 109 1210 facti
135 1174 216 1221 jam
248 1177 384 1218 movet,
415 1173 581 1209 celeriter
607 1172 658 1217 id,
690 1172 790 1219 quod
817 1172 890 1208 sibi
918 1172 1141 1220 imperatum
1169 1176 1234 1218 est,

22 1233 121 1279 facit,
141 1245 340 1280 senex-que
358 1233 520 1270 invicem
539 1233 685 1269 asinum
703 1231 928 1269 conscendit.

132 1357 193 1407 78.
225 1356 337 1395 How
358 1363 396 1395 to
407 1357 546 1407 please
565 1357 806 1408 Everybody
821 1360 840 1396 J
870 1358 1134 1411 (continued).

72 1444 182 1480 Forte
218 1444 279 1480 via
324 1445 528 1480 secundum
564 1445 704 1481 flumen
741 1445 911 1492 ducebat,
950 1447 990 1482 in
1035 1460 1108 1494 quo
1144 1448 1238 1485 duae

19 1505 179 1541 feminae
206 1508 328 1540 vestes
355 1504 542 1541 lavabant.
600 1505 692 1550 Hae,
723 1505 789 1540 ubi
809 1506 967 1542 viatores
994 1507 1138 1553 vident,
1164 1511 1239 1544 11115.

19 1577 109 1601 voce
129 1564 385 1600 crudelitatem
404 1565 530 1611 patris,
551 1564 707 1612 filii-que
727 1565 862 1601 durum
888 1565 1052 1602 laborem
1079 1567 1234 1615 plorant.

21 1624 144 1661 Senex
171 1625 295 1671 igitur,
326 1625 391 1672 qui
419 1625 593 1661 omnibus
620 1626 763 1673 placere
781 1626 877 1673 vult,
907 1638 1063 1674 puerum
1091 1633 1175 1676 post
1201 1641 1239 1665 se

20 1684 145 1720 sedere
173 1684 293 1731 jubet.
351 1684 431 1720 Nec
463 1688 589 1721 tamen
620 1698 662 1721 ea
692 1698 750 1721 res
781 1698 953 1733 prospere
980 1688 1116 1733 evenit,
1141 1689 1241 1736 quod

20 1746 116 1782 alius
130 1747 252 1782 viator
278 1745 324 1781 iis
369 1747 536 1784 occurrit.
614 1749 636 1766 “
651 1748 683 1784 O
707 1748 980 1795 impudentiam
998 1750 1241 1787 nefandam!'’

20 1804 157 1853 inquit,
189 1805 371 1841 “facilius
398 1806 554 1853 potestis
585 1807 732 1842 asinum
764 1808 837 1855 ipsi
864 1808 1007 1855 vehere,
1037 1822 1148 1856 quain
1175 1822 1242 1846 vos

21 1866 197 1902 miserum
216 1865 387 1901 animal.”
442 1865 538 1901 Tum
553 1879 676 1913 senex,
694 1867 759 1914 qui
777 1880 825 1904 ne
843 1868 883 1904 id
901 1869 1053 1916 quidem
1072 1870 1242 1917 ineptum

0 1973 1 1978 Ἰ
22 1925 189 1973 putabat,
210 1928 406 1972 postquam
426 1938 528 1961 crura
547 1926 642 1962 asini
656 1927 812 1963 funibus
830 1928 877 1963 ad
895 1941 1072 1976 magnum
1091 1933 1243 1965 contum

1 2012 2 2017 ,
23 1985 203 2029 vinxerat,
224 1996 364 2020 novum
384 1997 478 2020 onus
497 1998 581 2021 cum
599 1987 762 2022 maximo
781 1987 936 2023 labore
926 2000 966 2023 m
985 2001 1070 2024 suos
1089 1989 1169 2025 filii·
1158 2001 1244 2036 -que

2 2043 195 2079 xhumeros
214 2043 434 2081 sublevavit.
493 2046 547 2080 At
573 2046 710 2091 asinus,
740 2046 801 2081 cui
828 2046 918 2082 haec
945 2048 1099 2084 minime
1128 2049 1244 2096 place-

0 2089 4 2144 ,ἶ
21 2103 125 2149 bant,
146 2103 236 2139 dum
255 2107 369 2150 ponte
388 2103 528 2139 flumen
547 2106 819 2150 transmittunt,
841 2106 965 2142 subito
988 2107 1074 2144 nisu
1093 2107 1245 2144 vincula

4 2164 174 2214 {rumpit,
196 2166 234 2199 et
251 2163 291 2198 in
311 2175 444 2210 aquam
463 2164 726 2211 praecipitatur
