1401 2369
490 83 841 122 Translations.
1229 83 1277 118 25

53 210 228 258 scopulus
260 209 492 252 imminebat,
525 211 561 243 et
590 207 733 243 lubrica
770 219 858 242 saxa
890 206 1046 254 vestigia
1081 207 1271 243 fallebant.

53 270 217 305 Tandem
245 281 359 305 senex
381 269 539 315 juvenes
567 267 627 302 his
655 266 777 302 verbis
805 266 972 312 deridet3
1010 266 1123 303 “Cur
1148 266 1275 313 ignavi

52 329 258 376 periculum
286 328 452 364 timetis?
483 329 585 363 eece!
619 339 700 362 mea
727 338 840 373 parva
868 326 945 361 filia
972 326 1019 361 ad
1046 325 1168 361 locum
1197 326 1274 361 des-

52 388 219 425 cendet.”
272 388 440 424 Juvenes
463 387 532 423 etsi
560 399 636 422 rem
664 386 730 421 vix
759 385 924 429 credunt,
947 389 1072 421 tamen
1098 385 1275 421 mandata

52 448 131 494 ejus
177 450 366 495 peragunt.
443 446 579 492 Magna
624 457 780 492 quercus
817 444 1058 492 impendebat
1098 444 1274 492 scopu103

51 505 139 542 huic
157 507 286 543 funem
305 509 437 554 aptant
456 509 492 541 et
511 505 636 541 omnia
655 507 795 552 parant.

251 675 312 715 32.
351 663 435 702 lee
466 661 674 702 Vulture’s
694 662 800 701 Nest
821 661 1079 715 (continued).

104 757 131 793 J
133 770 191 793 am
221 768 334 793 senex
361 758 488 791 tenero
513 755 656 802 corpori
682 754 839 801 virginis
867 755 996 790 sunem
1024 757 1130 791 caute
1157 757 1270 803 aptat.

52 817 149 853 Tum
180 829 245 853 sex
277 815 393 852 validi
425 815 583 861 juvenes
621 827 700 850 eam
738 827 784 849 ex
821 813 896 849 alta
931 827 1022 861 rupe
1055 815 1271 853 demittunt.

53 877 193 913 Omnes
218 875 324 912 taciti
351 878 526 911 eventum
553 877 794 921 exspectant3
825 877 864 909 at
891 874 956 909 illa
982 876 1108 910 secura
1135 876 1275 912 aerium

52 937 124 972 iter
141 936 270 983 pergit,
287 938 324 971 et
339 946 471 981 magno
491 937 600 969 conto
620 933 791 968 defendit
810 937 936 969 acutos
951 934 1130 981 scopulos.
1188 935 1215 971 J
1216 948 1276 971 am

52 995 222 1044 pervenit
254 994 300 1030 ad
332 994 475 1038 nidum,
509 997 547 1029 et
583 993 714 1028 dextra
751 1005 908 1040 parvum
940 993 1128 1029 vult-utem
1160 997 1272 1032 tenet.

12 1057 22 1062 ‘
53 1055 189 1092 Statim
209 1055 274 1090 dat
299 1055 446 1101 signum
473 1053 624 1090 reditfis.
681 1053 735 1088 At
754 1056 858 1100 pater
876 1053 1005 1089 vultur
1023 1054 1128 1089 audit
1147 1067 1275 1091 vocem

51 1115 177 1163 prolis,
197 1117 234 1150 et
253 1126 386 1161 magno
407 1113 576 1160 clangore
595 1112 758 1160 puellam
786 1113 891 1159 petit.
948 1113 1022 1148 Illa
1049 1117 1184 1159 tamen,
1206 1115 1276 1151 etsi

51 1175 152 1211 saevi
184 1174 283 1210 alitis
315 1186 458 1220 ungues
490 1177 634 1208 teneras
666 1185 798 1208 manus
831 1173 1044 1218 dilacerant,
1079 1174 1199 1210 cultro
1237 1187 1275 1211 se

51 1234 231 1279 defendit,
269 1246 336 1270 nec
374 1233 548 1281 praedam
585 1233 758 1268 demittit.
827 1232 915 1268 Jam
948 1233 1107 1279 juvenes
1142 1234 1275 1271 vident

51 1294 257 1342 perieulum
275 1292 432 1340 puellae,
453 1292 775 1339 ingeminant-que
802 1291 975 1327 laborem.
1033 1291 1127 1328 Mox
1154 1292 1275 1330 laetus

51 1357 155 1401 pater
171 1352 347 1389 audacem
365 1352 480 1388 filiam
499 1351 676 1399 amplexu
695 1354 806 1387 tenet.

445 1519 506 1559 33.
544 1509 629 1547 lee
651 1509 881 1548 Standard.

106 1597 298 1643 Ricardus‚
317 1609 382 1632 rex
401 1596 678 1640 Britannorum,
699 1596 786 1631 olim
809 1609 894 1632 eum
923 1596 1112 1635 Solimano
1132 1599 1274 1637 bellum

54 1658 210 1706 gerebat.
284 1656 427 1691 Multos
472 1656 615 1702 equites
660 1655 890 1691 diversarum
930 1658 1108 1703 gentium,
1156 1660 1274 1696 socios

55 1719 328 1766 adjutores-que
358 1715 460 1759 belli,
493 1715 663 1751 habebat.
733 1716 787 1751 Hi
820 1716 926 1751 fortis
958 1717 1052 1763 regis
1089 1718 1273 1756 timebant

55 1779 243 1821 virtutem,
259 1775 325 1811 sed
339 1774 548 1822 superbiam
567 1787 699 1821 parum
717 1775 900 1812 amabant.
958 1775 1069 1812 Forte
1084 1790 1149 1813 rex
1163 1791 1270 1816 suum

56 1839 202 1885 signum
220 1836 261 1871 in
280 1835 354 1871 alto
382 1838 420 1870 et
445 1834 583 1881 insigni
610 1835 690 1870 loeo
718 1835 969 1873 constituerat.
1027 1836 1075 1872 Id
1100 1839 1270 1876 movebat

55 1898 147 1933 iram
178 1896 359 1932 sociorum
391 1897 428 1930 et
459 1898 572 1929 noctu
604 1894 751 1941 signum
783 1895 979 1932 divellunt.
1036 1896 1119 1932 Rex
1147 1898 1270 1946 igitur,
1317 1891 1322 1895 .

14 1968 22 1971 “
55 1957 122 1993 ubi
139 1955 287 2003 reponit
304 1955 463 2001 signum,
484 1953 616 2000 deligit
634 1955 827 1990 custodem
846 1954 918 1991 loci
937 1956 1102 2002 equitem
1122 1960 1271 1996 nomine

56 2017 275 2054 Cennetum.
331 2014 411 2050 Nee
439 2013 503 2049 ille
529 2017 674 2050 tantum
702 2014 879 2050 honorem
906 2019 1059 2063 recusat,
1089 2021 1127 2053 at
1153 2018 1273 2057 laetus

55 2088 155 2112 arma
199 2073 333 2110 induit.
407 2073 514 2117 Inde,
561 2074 629 2109 etsi
674 2073 753 2121 ipse
798 2074 1087 2122 haudquaquam
1127 2077 1271 2115 hostem

55 2135 221 2180 timebat,
242 2144 370 2170 canem
389 2131 535 2168 fidelem
554 2131 702 2178 vigiliae
721 2133 894 2169 comitem
912 2134 1121 2172 advocavit.>
