1401 2369
472 96 827 137 Translations.
1216 98 1232 134 1
1244 99 1259 133 1

38 219 107 256 filii
151 221 238 260 Titi,
277 234 384 269 saepe
429 220 602 257 ridebant
648 221 752 268 nigra
797 220 963 256 membra
1008 220 1114 267 parvi
1154 221 1259 256 servi.

39 279 171 316 Florus
202 280 403 328 aliquando
435 293 511 316 non
544 280 696 316 tenebat
727 280 906 316 lacrimas.
962 279 1017 316 At
1053 280 1172 325 Titus,
1206 282 1265 316 vir

39 339 170 383 bonus,
199 340 293 375 forte
313 340 418 375 videt
445 340 625 385 lacrimas,
646 343 684 375 et
711 340 846 387 plenus
865 340 940 375 irae
967 339 1130 374 maculat
1157 340 1263 386 nigro

38 399 129 434 limo
162 399 287 435 oculos
320 404 356 435 et
389 399 543 447 capillos
576 404 613 435 et
644 399 810 435 membra
837 398 1019 434 malorum
1052 410 1260 446 puerorum.

39 458 173 506 Itaque
191 459 296 505 pueri
315 471 509 506 nunquam
528 459 683 506 posthac
702 459 875 495 ridebant
894 470 1052 506 parvum
1071 470 1229 494 servum.

490 608 522 650 5.
562 599 646 638 Tlce
666 599 814 638 Miser.

92 679 237 724 Plutus,
257 680 315 715 vir
333 681 476 723 avarus,
498 677 603 725 parat
623 690 775 725 parvam
794 678 942 724 fossam,
964 680 1077 726 atque
1095 677 1150 714 ibi
1170 677 1265 714 celat

39 739 201 775 multum
224 743 426 785 argentum.
484 739 596 774 Forte
624 750 752 774 servus
779 738 906 774 arabat
933 750 1070 785 agrum.
1130 737 1265 774 Subito

39 799 158 834 nudat
193 798 352 834 latebras
390 802 427 833 et
464 798 599 845 spoliat
637 801 841 845 argentum.
899 797 1084 834 Postridie
1121 798 1265 833 furtum

39 861 191 906 apparet
224 858 386 903 domino,
419 870 505 893 nam
540 870 647 905 saepe
680 858 870 905 spectabat
903 870 1012 893 suum
1048 858 1265 894 thesaurum

39 918 161 955 avidis
197 918 322 954 oculis.
394 918 511 953 Miser
543 918 679 953 Plutus
711 917 844 964 implet
876 921 1011 953 terram
1048 921 1085 953 et
1122 918 1266 953 caelum

40 979 205 1026 quen-elis.
264 977 399 1014 Subito
419 978 638 1020 Mercurius,
660 977 757 1012 fidus
777 977 929 1012 deorum
958 978 1126 1022 nuntius,
1148 977 1263 1023 adest,

40 1042 77 1074 et
95 1038 255 1085 benigne
274 1038 439 1085 postulat
456 1049 602 1073 causam
621 1036 867 1073 lacrimarum.
925 1037 1061 1072 Plutus
1079 1037 1195 1084 igitur
1213 1038 1267 1073 ita,

40 1101 163 1134 narrat
180 1097 316 1133 malam
335 1098 533 1135 fortunam.

349 1238 386 1278 6.
424 1237 509 1277 lee
528 1238 669 1278 Miser
689 1238 956 1289 (continued).

96 1323 117 1340 “
134 1319 227 1357 Sum
245 1320 304 1356 vir
322 1319 470 1367 egenus,
492 1323 618 1355 tamen
637 1320 821 1356 habebam
840 1333 998 1367 parvum
1026 1321 1242 1357 thesaurum
1258 1335 1269 1367 ,-

42 1393 184 1428 semper
197 1381 343 1416 servavi
361 1393 481 1415 meam
500 1380 696 1427 pecuniam
711 1383 844 1427 magna
859 1383 953 1416 cura.
1011 1380 1126 1417 Nunc
1141 1385 1267 1417 tamen

42 1440 136 1475 mihi
166 1439 263 1475 nihil
290 1439 451 1475 manet?
505 1439 559 1475 At
591 1439 682 1475 deus
715 1440 854 1475 mulcet
887 1443 1069 1476 maestum
1098 1441 1266 1477 animum

43 1499 125 1544 viri,
146 1502 182 1534 et
199 1498 331 1546 implet
359 1499 495 1534 fossam
522 1499 631 1535 saxis.
689 1499 786 1534 Tum
814 1500 866 1535 ita
894 1499 1069 1535 admonet
1097 1499 1263 1536 Plutum.

46 1559 137 1594 “Tu
170 1558 322 1605 quidem
353 1571 496 1606 semper
527 1559 712 1595 lustrabas
749 1563 955 1606 argentum,
996 1571 1063 1595 nec
1100 1572 1268 1607 unquam

44 1618 265 1655 attrectabas
296 1617 457 1654 divitias.
515 1617 683 1654 Divitiae
715 1630 792 1654 non
824 1621 981 1665 prosunt
1009 1631 1143 1665 avaro3
1180 1631 1270 1655 saxa

44 1678 159 1725 igitur
177 1677 249 1712 tibi
267 1677 497 1724 supplebunt
515 1677 638 1713 locum
658 1678 833 1725 argenti.⁷’

418 1838 453 1880 7.
492 1829 577 1868 lee
594 1829 759 1869 Broken
781 1829 902 1870 Dike.

100 1910 243 1947 Cimbri
279 1910 452 1946 habitant
489 1911 619 1946 miram
655 1915 799 1958 terram,
838 1924 925 1947 nam
963 1910 1120 1947 oceanus
1165 1923 1274 1958 saepe

46 1970 208 2006 inundat
227 1974 325 2006 tecta
344 1974 380 2006 et
398 1982 503 2017 agros
521 1970 772 2018 agricolarum.
830 1971 980 2006 Incolae
1000 1971 1143 2017 magnis
1166 1971 1275 2006 fossis

49 2028 290 2076 tumulis-que
303 2034 470 2065 coercent
478 2030 692 2065 violentiam
706 2030 908 2075 undarum3
929 2029 1129 2076 aliquando
1142 2032 1265 2065 tamen

48 2102 144 2137 aqua
172 2089 345 2125 deturbat
374 2089 531 2125 claustra
551 2094 587 2125 et
606 2093 729 2125 vastat
757 2093 901 2125 terram.
960 2089 1072 2124 Forte
1100 2088 1266 2124 tumulus

48 2161 125 2185 non
147 2149 296 2185 validus
323 2153 399 2184 erat
412 2162 422 2195 3
446 2149 525 2196 jam
553 2161 667 2196 parva
694 2149 786 2184 rima
814 2150 966 2195 apparet
980 2161 990 2192 3
1018 2160 1106 2183 mox
1134 2160 1267 2195 magna
