<?xml version="1.0" encoding="UTF-8"?>
<!DOCTYPE html PUBLIC "-//W3C//DTD XHTML 1.0 Transitional//EN"
    "http://www.w3.org/TR/xhtml1/DTD/xhtml1-transitional.dtd">
<html xmlns="http://www.w3.org/1999/xhtml" xml:lang="en" lang="en">
 <head>
  <title>
</title>
<meta http-equiv="Content-Type" content="text/html;charset=utf-8" />
  <meta name='ocr-system' content='tesseract 3.04.00' />
  <meta name='ocr-capabilities' content='ocr_page ocr_carea ocr_par ocr_line ocrx_word'/>
</head>
<body>
  <div class='ocr_page' id='page_1' title='image "./gradatimeasylati00heat/gradatimeasylati00heat_0055.png"; bbox 0 0 1401 2369; ppageno 0'>
   <div class='ocr_carea' id='block_1_1' title="bbox 493 106 1274 148">
    <p class='ocr_par' dir='ltr' id='par_1_1' title="bbox 493 106 1274 148">
     <span class='ocr_line' id='line_1_1' title="bbox 493 106 1274 148; baseline -0.006 -1"><span class='ocrx_word' id='word_1_1' title='bbox 493 106 844 148; x_wconf 82' lang='lat' dir='ltr'>Translations.</span> <span class='ocrx_word' id='word_1_2' title='bbox 1229 108 1274 143; x_wconf 77' lang='lat'>43</span> 
     </span>
    </p>
   </div>
   <div class='ocr_carea' id='block_1_2' title="bbox 300 310 1030 352">
    <p class='ocr_par' dir='ltr' id='par_1_2' title="bbox 300 310 1030 352">
     <span class='ocr_line' id='line_1_2' title="bbox 300 310 1030 352; baseline -0.001 -1"><span class='ocrx_word' id='word_1_3' title='bbox 300 315 487 352; x_wconf 81' lang='lat' dir='ltr'>PIECES</span> <span class='ocrx_word' id='word_1_4' title='bbox 516 315 618 352; x_wconf 84' lang='lat' dir='ltr'>FOR</span> <span class='ocrx_word' id='word_1_5' title='bbox 645 310 1030 351; x_wconf 77' lang='lat' dir='ltr'><strong>TRANSLATION.</strong></span> 
     </span>
    </p>
   </div>
   <div class='ocr_carea' id='block_1_3' title="bbox 110 404 1273 458">
    <p class='ocr_par' dir='ltr' id='par_1_3' title="bbox 110 404 1273 458">
     <span class='ocr_line' id='line_1_3' title="bbox 110 404 1273 458; baseline -0.002 -13"><span class='ocrx_word' id='word_1_6' title='bbox 110 405 193 446; x_wconf 87' lang='lat' dir='ltr'>The</span> <span class='ocrx_word' id='word_1_7' title='bbox 214 405 424 458; x_wconf 84' lang='lat' dir='ltr'>following</span> <span class='ocrx_word' id='word_1_8' title='bbox 443 410 514 446; x_wconf 80' lang='lat' dir='ltr'>ten</span> <span class='ocrx_word' id='word_1_9' title='bbox 534 406 668 458; x_wconf 88' lang='lat' dir='ltr'>pieces</span> <span class='ocrx_word' id='word_1_10' title='bbox 692 405 851 457; x_wconf 80' lang='lat' dir='ltr'>require</span> <span class='ocrx_word' id='word_1_11' title='bbox 872 419 895 444; x_wconf 90' lang='lat' dir='ltr'>a</span> <span class='ocrx_word' id='word_1_12' title='bbox 915 404 1153 457; x_wconf 83' lang='lat' dir='ltr'>knowledge</span> <span class='ocrx_word' id='word_1_13' title='bbox 1179 405 1273 444; x_wconf 76' lang='lat' dir='ltr'>of—</span> 
     </span>
    </p>
   </div>
   <div class='ocr_carea' id='block_1_4' title="bbox 157 489 1273 671">
    <p class='ocr_par' dir='ltr' id='par_1_4' title="bbox 157 489 1273 671">
     <span class='ocr_line' id='line_1_4' title="bbox 158 489 1026 539; baseline -0.001 -13"><span class='ocrx_word' id='word_1_14' title='bbox 158 489 214 539; x_wconf 83' lang='lat' dir='ltr'>(a)</span> <span class='ocrx_word' id='word_1_15' title='bbox 244 490 486 538; x_wconf 86' lang='lat' dir='ltr'>Comparison</span> <span class='ocrx_word' id='word_1_16' title='bbox 506 490 548 526; x_wconf 87' lang='lat' dir='ltr'>of</span> <span class='ocrx_word' id='word_1_17' title='bbox 562 490 779 537; x_wconf 84' lang='lat' dir='ltr'>Adjectives</span> <span class='ocrx_word' id='word_1_18' title='bbox 800 490 1026 538; x_wconf 86' lang='lat' dir='ltr'>(Irregular).</span> 
     </span>
     <span class='ocr_line' id='line_1_5' title="bbox 157 563 1273 671; baseline 0 -72"><span class='ocrx_word' id='word_1_19' title='bbox 157 563 210 612; x_wconf 78' lang='lat' dir='ltr'>(b)</span> <span class='ocrx_word' id='word_1_20' title='bbox 241 563 453 599; x_wconf 86' lang='lat' dir='ltr'>Indicative</span> <span class='ocrx_word' id='word_1_21' title='bbox 485 564 678 671; x_wconf 77' lang='lat' dir='ltr'>}Passive</span> <span class='ocrx_word' id='word_1_22' title='bbox 716 564 757 599; x_wconf 83' lang='lat' dir='ltr'>of</span> <span class='ocrx_word' id='word_1_23' title='bbox 784 564 849 599; x_wconf 75' lang='lat' dir='ltr'>the</span> <span class='ocrx_word' id='word_1_24' title='bbox 886 563 1003 599; x_wconf 70' lang='lat' dir='ltr'>Third</span> <span class='ocrx_word' id='word_1_25' title='bbox 1031 563 1105 599; x_wconf 84' lang='lat' dir='ltr'>and</span> <span class='ocrx_word' id='word_1_26' title='bbox 1130 563 1273 600; x_wconf 83' lang='lat' dir='ltr'>Fourth</span> 
     </span>
    </p>
   </div>
   <div class='ocr_carea' id='block_1_5' title="bbox 240 622 855 671">
    <p class='ocr_par' dir='ltr' id='par_1_5' title="bbox 240 622 855 671">
     <span class='ocr_line' id='line_1_6' title="bbox 240 622 855 671; baseline -0.002 -12"><span class='ocrx_word' id='word_1_27' title='bbox 240 623 466 671; x_wconf 87' lang='lat' dir='ltr'>Imperative</span> <span class='ocrx_word' id='word_1_28' title='bbox 577 622 855 670; x_wconf 77' lang='lat' dir='ltr'>Conjugations,</span> 
     </span>
    </p>
   </div>
   <div class='ocr_carea' id='block_1_6' title="bbox 375 748 941 800">
    <p class='ocr_par' dir='ltr' id='par_1_6' title="bbox 375 748 941 800">
     <span class='ocr_line' id='line_1_7' title="bbox 375 748 941 800; baseline 0 -13"><span class='ocrx_word' id='word_1_29' title='bbox 375 749 438 787; x_wconf 86' lang='lat'>61.</span> <span class='ocrx_word' id='word_1_30' title='bbox 478 748 560 786; x_wconf 69' lang='lat' dir='ltr'>The</span> <span class='ocrx_word' id='word_1_31' title='bbox 587 749 697 800; x_wconf 76' lang='lat' dir='ltr'>Ugly</span> <span class='ocrx_word' id='word_1_32' title='bbox 718 748 941 800; x_wconf 76' lang='lat' dir='ltr'>Duckling.</span> 
     </span>
    </p>
   </div>
   <div class='ocr_carea' id='block_1_7' title="bbox 50 846 1274 1495">
    <p class='ocr_par' dir='ltr' id='par_1_7' title="bbox 50 846 1274 1495">
     <span class='ocr_line' id='line_1_8' title="bbox 105 846 1274 895; baseline 0.001 -13"><span class='ocrx_word' id='word_1_33' title='bbox 105 847 255 894; x_wconf 77' lang='lat' dir='ltr'>Ingenti</span> <span class='ocrx_word' id='word_1_34' title='bbox 270 846 470 894; x_wconf 86' lang='lat' dir='ltr'>aliquando</span> <span class='ocrx_word' id='word_1_35' title='bbox 483 846 617 894; x_wconf 85' lang='lat' dir='ltr'>gaudio</span> <span class='ocrx_word' id='word_1_36' title='bbox 630 848 913 894; x_wconf 80' lang='lat' dir='ltr'>complebantur</span> <span class='ocrx_word' id='word_1_37' title='bbox 925 847 1066 883; x_wconf 83' lang='lat' dir='ltr'>incolae</span> <span class='ocrx_word' id='word_1_38' title='bbox 1079 847 1274 895; x_wconf 81' lang='lat' dir='ltr'>eujusdam</span> 
     </span>
     <span class='ocr_line' id='line_1_9' title="bbox 53 906 1273 954; baseline 0.002 -13"><span class='ocrx_word' id='word_1_39' title='bbox 53 906 172 951; x_wconf 88' lang='lat' dir='ltr'>fundi,</span> <span class='ocrx_word' id='word_1_40' title='bbox 186 906 325 954; x_wconf 79' lang='lat' dir='ltr'>gallina</span> <span class='ocrx_word' id='word_1_41' title='bbox 337 907 436 941; x_wconf 88' lang='lat' dir='ltr'>enim</span> <span class='ocrx_word' id='word_1_42' title='bbox 453 919 498 941; x_wconf 82' lang='lat' dir='ltr'>ex</span> <span class='ocrx_word' id='word_1_43' title='bbox 511 907 592 942; x_wconf 87' lang='lat' dir='ltr'>ovis</span> <span class='ocrx_word' id='word_1_44' title='bbox 607 907 729 953; x_wconf 91' lang='lat' dir='ltr'>pullos</span> <span class='ocrx_word' id='word_1_45' title='bbox 745 919 863 954; x_wconf 81' lang='lat' dir='ltr'>nuper</span> <span class='ocrx_word' id='word_1_46' title='bbox 877 907 1092 943; x_wconf 82' lang='lat' dir='ltr'>excluserat.</span> <span class='ocrx_word' id='word_1_47' title='bbox 1142 908 1273 944; x_wconf 89' lang='lat' dir='ltr'>Unum</span> 
     </span>
     <span class='ocr_line' id='line_1_10' title="bbox 51 965 1274 1015; baseline 0.001 -13"><span class='ocrx_word' id='word_1_48' title='bbox 51 970 176 1002; x_wconf 87' lang='lat' dir='ltr'>tamen</span> <span class='ocrx_word' id='word_1_49' title='bbox 194 979 241 1002; x_wconf 83' lang='lat' dir='ltr'>ex</span> <span class='ocrx_word' id='word_1_50' title='bbox 260 966 351 1010; x_wconf 88' lang='lat' dir='ltr'>ovis,</span> <span class='ocrx_word' id='word_1_51' title='bbox 368 965 469 1013; x_wconf 85' lang='lat' dir='ltr'>quod</span> <span class='ocrx_word' id='word_1_52' title='bbox 486 966 663 1013; x_wconf 80' lang='lat' dir='ltr'>grandius</span> <span class='ocrx_word' id='word_1_53' title='bbox 686 972 763 1004; x_wconf 85' lang='lat' dir='ltr'>erat</span> <span class='ocrx_word' id='word_1_54' title='bbox 791 967 931 1012; x_wconf 83' lang='lat' dir='ltr'>ceteris,</span> <span class='ocrx_word' id='word_1_55' title='bbox 949 966 1070 1002; x_wconf 89' lang='lat' dir='ltr'>adhuc</span> <span class='ocrx_word' id='word_1_56' title='bbox 1086 968 1274 1015; x_wconf 88' lang='lat' dir='ltr'>integrum</span> 
     </span>
     <span class='ocr_line' id='line_1_11' title="bbox 51 1025 1273 1072; baseline 0.001 -11"><span class='ocrx_word' id='word_1_57' title='bbox 51 1025 233 1062; x_wconf 87' lang='lat' dir='ltr'>manebat.</span> <span class='ocrx_word' id='word_1_58' title='bbox 282 1025 378 1060; x_wconf 83' lang='lat' dir='ltr'>Tum</span> <span class='ocrx_word' id='word_1_59' title='bbox 398 1038 502 1072; x_wconf 87' lang='lat' dir='ltr'>pavo,</span> <span class='ocrx_word' id='word_1_60' title='bbox 518 1025 584 1072; x_wconf 89' lang='lat' dir='ltr'>qui</span> <span class='ocrx_word' id='word_1_61' title='bbox 603 1025 788 1061; x_wconf 80' lang='lat' dir='ltr'>maximus</span> <span class='ocrx_word' id='word_1_62' title='bbox 807 1029 898 1061; x_wconf 88' lang='lat' dir='ltr'>natu</span> <span class='ocrx_word' id='word_1_63' title='bbox 919 1029 995 1061; x_wconf 86' lang='lat' dir='ltr'>erat</span> <span class='ocrx_word' id='word_1_64' title='bbox 1014 1026 1193 1071; x_wconf 87' lang='lat' dir='ltr'>omnium,</span> <span class='ocrx_word' id='word_1_65' title='bbox 1214 1027 1273 1062; x_wconf 84' lang='lat' dir='ltr'>his</span> 
     </span>
     <span class='ocr_line' id='line_1_12' title="bbox 50 1084 1272 1133; baseline 0.001 -12"><span class='ocrx_word' id='word_1_66' title='bbox 50 1085 174 1121; x_wconf 86' lang='lat' dir='ltr'>verbis</span> <span class='ocrx_word' id='word_1_67' title='bbox 222 1084 400 1132; x_wconf 79' lang='lat' dir='ltr'>gallinam</span> <span class='ocrx_word' id='word_1_68' title='bbox 454 1085 641 1122; x_wconf 83' lang='lat' dir='ltr'>admonet.</span> <span class='ocrx_word' id='word_1_69' title='bbox 717 1087 740 1104; x_wconf 85' lang='lat'><strong>“</strong></span> <span class='ocrx_word' id='word_1_70' title='bbox 752 1085 778 1121; x_wconf 80' lang='lat' dir='ltr'><strong>J</strong></span> <span class='ocrx_word' id='word_1_71' title='bbox 779 1097 839 1120; x_wconf 89' lang='lat' dir='ltr'>am</span> <span class='ocrx_word' id='word_1_72' title='bbox 893 1085 982 1121; x_wconf 84' lang='lat' dir='ltr'>satis</span> <span class='ocrx_word' id='word_1_73' title='bbox 1032 1085 1272 1133; x_wconf 77' lang='lat' dir='ltr'>laboravisti3</span> 
     </span>
     <span class='ocr_line' id='line_1_13' title="bbox 50 1144 1272 1193; baseline 0.002 -13"><span class='ocrx_word' id='word_1_74' title='bbox 50 1145 202 1181; x_wconf 86' lang='lat' dir='ltr'>tandem</span> <span class='ocrx_word' id='word_1_75' title='bbox 220 1144 356 1180; x_wconf 77' lang='lat' dir='ltr'>inutile</span> <span class='ocrx_word' id='word_1_76' title='bbox 384 1144 486 1180; x_wconf 74' lang='lat' dir='ltr'>istud</span> <span class='ocrx_word' id='word_1_77' title='bbox 514 1157 628 1180; x_wconf 90' lang='lat' dir='ltr'>ovum</span> <span class='ocrx_word' id='word_1_78' title='bbox 656 1144 815 1180; x_wconf 87' lang='lat' dir='ltr'>desere.&#39;⁷</span> <span class='ocrx_word' id='word_1_79' title='bbox 871 1144 924 1180; x_wconf 86' lang='lat' dir='ltr'>At</span> <span class='ocrx_word' id='word_1_80' title='bbox 941 1145 1081 1192; x_wconf 88' lang='lat' dir='ltr'>gallina</span> <span class='ocrx_word' id='word_1_81' title='bbox 1100 1146 1272 1193; x_wconf 73' lang='lat' dir='ltr'>pertinax</span> 
     </span>
     <span class='ocr_line' id='line_1_14' title="bbox 50 1204 1271 1252; baseline 0.002 -13"><span class='ocrx_word' id='word_1_82' title='bbox 50 1204 249 1240; x_wconf 89' lang='lat' dir='ltr'>consilium</span> <span class='ocrx_word' id='word_1_83' title='bbox 269 1204 425 1252; x_wconf 89' lang='lat' dir='ltr'>pavonis</span> <span class='ocrx_word' id='word_1_84' title='bbox 444 1217 519 1240; x_wconf 91' lang='lat' dir='ltr'>non</span> <span class='ocrx_word' id='word_1_85' title='bbox 539 1205 657 1249; x_wconf 88' lang='lat' dir='ltr'>audit,</span> <span class='ocrx_word' id='word_1_86' title='bbox 680 1205 905 1252; x_wconf 88' lang='lat' dir='ltr'>multos-que</span> <span class='ocrx_word' id='word_1_87' title='bbox 926 1205 1014 1241; x_wconf 90' lang='lat' dir='ltr'>inde</span> <span class='ocrx_word' id='word_1_88' title='bbox 1033 1206 1113 1241; x_wconf 89' lang='lat' dir='ltr'>dies</span> <span class='ocrx_word' id='word_1_89' title='bbox 1132 1206 1173 1241; x_wconf 89' lang='lat' dir='ltr'>in</span> <span class='ocrx_word' id='word_1_90' title='bbox 1191 1206 1271 1243; x_wconf 86' lang='lat' dir='ltr'>loco</span> 
     </span>
     <span class='ocr_line' id='line_1_15' title="bbox 50 1264 1273 1313; baseline 0.002 -14"><span class='ocrx_word' id='word_1_91' title='bbox 50 1268 183 1300; x_wconf 87' lang='lat' dir='ltr'>manet.</span> <span class='ocrx_word' id='word_1_92' title='bbox 241 1264 416 1311; x_wconf 88' lang='lat' dir='ltr'>Denique</span> <span class='ocrx_word' id='word_1_93' title='bbox 443 1267 528 1312; x_wconf 83' lang='lat' dir='ltr'>post</span> <span class='ocrx_word' id='word_1_94' title='bbox 556 1268 705 1300; x_wconf 83' lang='lat' dir='ltr'>tantum</span> <span class='ocrx_word' id='word_1_95' title='bbox 730 1265 894 1301; x_wconf 84' lang='lat' dir='ltr'>laborem</span> <span class='ocrx_word' id='word_1_96' title='bbox 913 1265 1010 1313; x_wconf 87' lang='lat' dir='ltr'>parit</span> <span class='ocrx_word' id='word_1_97' title='bbox 1029 1266 1186 1313; x_wconf 88' lang='lat' dir='ltr'>pullum,</span> <span class='ocrx_word' id='word_1_98' title='bbox 1207 1267 1273 1313; x_wconf 88' lang='lat' dir='ltr'>qui</span> 
     </span>
     <span class='ocr_line' id='line_1_16' title="bbox 54 1325 1271 1375; baseline 0.003 -15"><span class='ocrx_word' id='word_1_99' title='bbox 54 1329 194 1360; x_wconf 84' lang='lat' dir='ltr'>ceteros</span> <span class='ocrx_word' id='word_1_100' title='bbox 213 1325 471 1372; x_wconf 81' lang='lat' dir='ltr'>magnitudine</span> <span class='ocrx_word' id='word_1_101' title='bbox 492 1326 644 1372; x_wconf 89' lang='lat' dir='ltr'>quidem</span> <span class='ocrx_word' id='word_1_102' title='bbox 666 1325 828 1372; x_wconf 86' lang='lat' dir='ltr'>corporis</span> <span class='ocrx_word' id='word_1_103' title='bbox 844 1327 1051 1373; x_wconf 78' lang='lat' dir='ltr'>superabat,</span> <span class='ocrx_word' id='word_1_104' title='bbox 1068 1327 1134 1362; x_wconf 86' lang='lat' dir='ltr'>sed</span> <span class='ocrx_word' id='word_1_105' title='bbox 1152 1329 1271 1375; x_wconf 89' lang='lat' dir='ltr'>specie</span> 
     </span>
     <span class='ocr_line' id='line_1_17' title="bbox 50 1386 1271 1433; baseline 0.003 -12"><span class='ocrx_word' id='word_1_106' title='bbox 50 1391 87 1422; x_wconf 87' lang='lat' dir='ltr'>et</span> <span class='ocrx_word' id='word_1_107' title='bbox 118 1387 236 1422; x_wconf 71' lang='lat' dir='ltr'>forma</span> <span class='ocrx_word' id='word_1_108' title='bbox 267 1386 375 1433; x_wconf 90' lang='lat' dir='ltr'>longe</span> <span class='ocrx_word' id='word_1_109' title='bbox 403 1386 556 1421; x_wconf 87' lang='lat' dir='ltr'>inferior</span> <span class='ocrx_word' id='word_1_110' title='bbox 582 1386 805 1432; x_wconf 79' lang='lat' dir='ltr'>videbatur3</span> <span class='ocrx_word' id='word_1_111' title='bbox 837 1400 924 1423; x_wconf 87' lang='lat' dir='ltr'>nam</span> <span class='ocrx_word' id='word_1_112' title='bbox 952 1392 1056 1425; x_wconf 84' lang='lat' dir='ltr'>erant</span> <span class='ocrx_word' id='word_1_113' title='bbox 1084 1389 1118 1425; x_wconf 88' lang='lat' dir='ltr'>ei</span> <span class='ocrx_word' id='word_1_114' title='bbox 1144 1393 1271 1427; x_wconf 72' lang='lat' dir='ltr'>tumes</span> 
     </span>
     <span class='ocr_line' id='line_1_18' title="bbox 50 1446 899 1495; baseline 0.002 -13"><span class='ocrx_word' id='word_1_115' title='bbox 50 1447 172 1493; x_wconf 77' lang='lat' dir='ltr'>pedes,</span> <span class='ocrx_word' id='word_1_116' title='bbox 193 1446 356 1482; x_wconf 89' lang='lat' dir='ltr'>deforme</span> <span class='ocrx_word' id='word_1_117' title='bbox 375 1459 518 1494; x_wconf 82' lang='lat' dir='ltr'>corpus,</span> <span class='ocrx_word' id='word_1_118' title='bbox 539 1446 678 1482; x_wconf 89' lang='lat' dir='ltr'>collum</span> <span class='ocrx_word' id='word_1_119' title='bbox 698 1449 899 1495; x_wconf 74' lang='lat' dir='ltr'>procerum.</span> 
     </span>
    </p>
   </div>
   <div class='ocr_carea' id='block_1_8' title="bbox 235 1618 1076 1671">
    <p class='ocr_par' dir='ltr' id='par_1_8' title="bbox 235 1618 1076 1671">
     <span class='ocr_line' id='line_1_19' title="bbox 235 1618 1076 1671; baseline 0.004 -14"><span class='ocrx_word' id='word_1_120' title='bbox 235 1619 300 1657; x_wconf 86' lang='lat'>62.</span> <span class='ocrx_word' id='word_1_121' title='bbox 339 1618 423 1658; x_wconf 69' lang='lat' dir='ltr'>The</span> <span class='ocrx_word' id='word_1_122' title='bbox 450 1618 492 1658; x_wconf 87' lang='lat' dir='ltr'><em>U</em></span> <span class='ocrx_word' id='word_1_123' title='bbox 482 1620 557 1670; x_wconf 76' lang='lat' dir='ltr'>gly</span> <span class='ocrx_word' id='word_1_124' title='bbox 578 1618 796 1671; x_wconf 71' lang='lat' dir='ltr'>Dncklz&#39;ng</span> <span class='ocrx_word' id='word_1_125' title='bbox 815 1619 1076 1671; x_wconf 72' lang='lat' dir='ltr'>(continued).</span> 
     </span>
    </p>
   </div>
   <div class='ocr_carea' id='block_1_9' title="bbox 48 1721 1270 2192">
    <p class='ocr_par' dir='ltr' id='par_1_9' title="bbox 48 1721 1270 2192">
     <span class='ocr_line' id='line_1_20' title="bbox 102 1721 1269 1770; baseline 0.003 -11"><span class='ocrx_word' id='word_1_126' title='bbox 102 1722 179 1759; x_wconf 90' lang='lat' dir='ltr'>Diu</span> <span class='ocrx_word' id='word_1_127' title='bbox 215 1723 255 1758; x_wconf 90' lang='lat' dir='ltr'>in</span> <span class='ocrx_word' id='word_1_128' title='bbox 292 1721 362 1758; x_wconf 87' lang='lat' dir='ltr'>hoc</span> <span class='ocrx_word' id='word_1_129' title='bbox 399 1722 516 1758; x_wconf 83' lang='lat' dir='ltr'>fundo</span> <span class='ocrx_word' id='word_1_130' title='bbox 554 1723 740 1758; x_wconf 73' lang='lat' dir='ltr'>anaticula</span> <span class='ocrx_word' id='word_1_131' title='bbox 777 1724 897 1770; x_wconf 81' lang='lat' dir='ltr'>turpis</span> <span class='ocrx_word' id='word_1_132' title='bbox 929 1725 1046 1760; x_wconf 85' lang='lat' dir='ltr'>vitam</span> <span class='ocrx_word' id='word_1_133' title='bbox 1082 1726 1269 1763; x_wconf 84' lang='lat' dir='ltr'>infelicem</span> 
     </span>
     <span class='ocr_line' id='line_1_21' title="bbox 49 1782 1270 1832; baseline 0.004 -13"><span class='ocrx_word' id='word_1_134' title='bbox 49 1782 204 1830; x_wconf 83' lang='lat' dir='ltr'>agebat;</span> <span class='ocrx_word' id='word_1_135' title='bbox 239 1794 348 1817; x_wconf 90' lang='lat' dir='ltr'>nemo</span> <span class='ocrx_word' id='word_1_136' title='bbox 382 1782 483 1817; x_wconf 90' lang='lat' dir='ltr'>enim</span> <span class='ocrx_word' id='word_1_137' title='bbox 515 1782 549 1817; x_wconf 91' lang='lat' dir='ltr'>ei</span> <span class='ocrx_word' id='word_1_138' title='bbox 581 1782 739 1818; x_wconf 80' lang='lat' dir='ltr'>favebat.</span> <span class='ocrx_word' id='word_1_139' title='bbox 800 1782 970 1820; x_wconf 84' lang='lat' dir='ltr'>Gallinae</span> <span class='ocrx_word' id='word_1_140' title='bbox 1002 1786 1155 1832; x_wconf 85' lang='lat' dir='ltr'>quidem</span> <span class='ocrx_word' id='word_1_141' title='bbox 1186 1800 1270 1823; x_wconf 88' lang='lat' dir='ltr'>cum</span> 
     </span>
     <span class='ocr_line' id='line_1_22' title="bbox 49 1841 1270 1892; baseline 0.004 -14"><span class='ocrx_word' id='word_1_142' title='bbox 49 1841 256 1891; x_wconf 84' lang='lat' dir='ltr'>pavonibus</span> <span class='ocrx_word' id='word_1_143' title='bbox 275 1842 446 1877; x_wconf 84' lang='lat' dir='ltr'>miseram</span> <span class='ocrx_word' id='word_1_144' title='bbox 464 1841 653 1877; x_wconf 86' lang='lat' dir='ltr'>volucrem</span> <span class='ocrx_word' id='word_1_145' title='bbox 680 1842 915 1889; x_wconf 89' lang='lat' dir='ltr'>spernebant,</span> <span class='ocrx_word' id='word_1_146' title='bbox 936 1845 1037 1891; x_wconf 84' lang='lat' dir='ltr'>quod</span> <span class='ocrx_word' id='word_1_147' title='bbox 1066 1858 1200 1892; x_wconf 84' lang='lat' dir='ltr'>aquam</span> <span class='ocrx_word' id='word_1_148' title='bbox 1218 1848 1270 1883; x_wconf 85' lang='lat' dir='ltr'>ita</span> 
     </span>
     <span class='ocr_line' id='line_1_23' title="bbox 48 1900 1270 1943; baseline 0.006 -7"><span class='ocrx_word' id='word_1_149' title='bbox 48 1901 196 1937; x_wconf 80' lang='lat' dir='ltr'>amavit.</span> <span class='ocrx_word' id='word_1_150' title='bbox 254 1900 396 1936; x_wconf 79' lang='lat' dir='ltr'>Anates</span> <span class='ocrx_word' id='word_1_151' title='bbox 424 1904 548 1937; x_wconf 85' lang='lat' dir='ltr'>autem</span> <span class='ocrx_word' id='word_1_152' title='bbox 576 1904 612 1936; x_wconf 81' lang='lat' dir='ltr'>et</span> <span class='ocrx_word' id='word_1_153' title='bbox 640 1914 785 1938; x_wconf 83' lang='lat' dir='ltr'>anseres</span> <span class='ocrx_word' id='word_1_154' title='bbox 813 1903 915 1939; x_wconf 83' lang='lat' dir='ltr'>duris</span> <span class='ocrx_word' id='word_1_155' title='bbox 943 1905 1070 1940; x_wconf 87' lang='lat' dir='ltr'>rostris</span> <span class='ocrx_word' id='word_1_156' title='bbox 1088 1905 1270 1943; x_wconf 68' lang='lat' dir='ltr'>advenam</span> 
     </span>
     <span class='ocr_line' id='line_1_24' title="bbox 49 1959 1269 2008; baseline 0.005 -12"><span class='ocrx_word' id='word_1_157' title='bbox 49 1963 114 1996; x_wconf 73' lang='lat' dir='ltr'>sua</span> <span class='ocrx_word' id='word_1_158' title='bbox 133 1962 228 2007; x_wconf 68' lang='lat' dir='ltr'>aqua</span> <span class='ocrx_word' id='word_1_159' title='bbox 246 1959 493 2008; x_wconf 86' lang='lat' dir='ltr'>depellebant.</span> <span class='ocrx_word' id='word_1_160' title='bbox 552 1960 716 1996; x_wconf 81' lang='lat' dir='ltr'>Tandem</span> <span class='ocrx_word' id='word_1_161' title='bbox 745 1966 882 1998; x_wconf 88' lang='lat' dir='ltr'>maesta</span> <span class='ocrx_word' id='word_1_162' title='bbox 905 1966 941 1998; x_wconf 87' lang='lat' dir='ltr'>et</span> <span class='ocrx_word' id='word_1_163' title='bbox 960 1963 1094 1999; x_wconf 83' lang='lat' dir='ltr'>infelix</span> <span class='ocrx_word' id='word_1_164' title='bbox 1113 1977 1134 2000; x_wconf 91' lang='lat' dir='ltr'>a</span> <span class='ocrx_word' id='word_1_165' title='bbox 1151 1965 1269 2002; x_wconf 87' lang='lat' dir='ltr'>fundo</span> 
     </span>
     <span class='ocr_line' id='line_1_25' title="bbox 48 2020 1270 2068; baseline 0.006 -13"><span class='ocrx_word' id='word_1_166' title='bbox 48 2020 90 2056; x_wconf 86' lang='lat' dir='ltr'>in</span> <span class='ocrx_word' id='word_1_167' title='bbox 129 2020 252 2056; x_wconf 87' lang='lat' dir='ltr'>locum</span> <span class='ocrx_word' id='word_1_168' title='bbox 297 2020 485 2056; x_wconf 86' lang='lat' dir='ltr'>desertum</span> <span class='ocrx_word' id='word_1_169' title='bbox 530 2020 670 2067; x_wconf 72' lang='lat' dir='ltr'>effugit,</span> <span class='ocrx_word' id='word_1_170' title='bbox 709 2024 782 2068; x_wconf 71' lang='lat' dir='ltr'>qua</span> <span class='ocrx_word' id='word_1_171' title='bbox 826 2023 903 2058; x_wconf 91' lang='lat' dir='ltr'>sola</span> <span class='ocrx_word' id='word_1_172' title='bbox 947 2026 1064 2060; x_wconf 82' lang='lat' dir='ltr'>totam</span> <span class='ocrx_word' id='word_1_173' title='bbox 1110 2024 1270 2062; x_wconf 89' lang='lat' dir='ltr'>hiemem</span> 
     </span>
     <span class='ocr_line' id='line_1_26' title="bbox 49 2080 1270 2132; baseline 0.004 -15"><span class='ocrx_word' id='word_1_174' title='bbox 49 2081 252 2117; x_wconf 85' lang='lat' dir='ltr'>habitabat.</span> <span class='ocrx_word' id='word_1_175' title='bbox 309 2080 362 2116; x_wconf 82' lang='lat' dir='ltr'>At</span> <span class='ocrx_word' id='word_1_176' title='bbox 381 2093 465 2117; x_wconf 82' lang='lat' dir='ltr'>vere</span> <span class='ocrx_word' id='word_1_177' title='bbox 494 2092 592 2116; x_wconf 86' lang='lat' dir='ltr'>novo</span> <span class='ocrx_word' id='word_1_178' title='bbox 615 2081 662 2116; x_wconf 90' lang='lat' dir='ltr'>ad</span> <span class='ocrx_word' id='word_1_179' title='bbox 681 2081 802 2117; x_wconf 88' lang='lat' dir='ltr'>lacum</span> <span class='ocrx_word' id='word_1_180' title='bbox 822 2083 985 2128; x_wconf 70' lang='lat' dir='ltr'>advenit,</span> <span class='ocrx_word' id='word_1_181' title='bbox 1007 2085 1047 2120; x_wconf 92' lang='lat' dir='ltr'>in</span> <span class='ocrx_word' id='word_1_182' title='bbox 1067 2097 1140 2132; x_wconf 89' lang='lat' dir='ltr'>quo</span> <span class='ocrx_word' id='word_1_183' title='bbox 1161 2086 1270 2122; x_wconf 84' lang='lat' dir='ltr'>multi</span> 
     </span>
     <span class='ocr_line' id='line_1_27' title="bbox 49 2140 1264 2192; baseline 0.004 -15"><span class='ocrx_word' id='word_1_184' title='bbox 49 2141 160 2188; x_wconf 86' lang='lat' dir='ltr'>cygni</span> <span class='ocrx_word' id='word_1_185' title='bbox 187 2140 373 2178; x_wconf 84' lang='lat' dir='ltr'>natabant.</span> <span class='ocrx_word' id='word_1_186' title='bbox 433 2140 505 2175; x_wconf 84' lang='lat' dir='ltr'>His</span> <span class='ocrx_word' id='word_1_187' title='bbox 538 2140 611 2176; x_wconf 88' lang='lat' dir='ltr'>duo</span> <span class='ocrx_word' id='word_1_188' title='bbox 645 2142 749 2188; x_wconf 87' lang='lat' dir='ltr'>pueri</span> <span class='ocrx_word' id='word_1_189' title='bbox 781 2142 898 2178; x_wconf 84' lang='lat' dir='ltr'>frusta</span> <span class='ocrx_word' id='word_1_190' title='bbox 930 2144 1037 2190; x_wconf 88' lang='lat' dir='ltr'>panis</span> <span class='ocrx_word' id='word_1_191' title='bbox 1063 2145 1264 2192; x_wconf 82' lang='lat' dir='ltr'>jactabant.</span> 
     </span>
    </p>
   </div>
  </div>
 </body>
</html>
