1401 2369
465 107 813 147 Translations.
1197 109 1242 146 17

296 253 354 294 17.
384 244 513 283 Lz'ttle
524 244 694 296 Jolmny
713 244 1000 285 Head-z·n-az'r.

89 331 290 376 Johannes,
324 331 423 367 filius
460 332 558 379 parci
594 332 813 376 mercatoris,
853 344 943 379 puer
976 334 1050 367 erat
1087 331 1244 379 ineptus.

40 391 156 439 Saepe
174 403 238 439 per
264 403 367 438 agros
394 391 616 435 ambulabat,
639 398 674 426 et
702 404 843 438 semper
871 391 1026 427 tollebat
1050 390 1175 427 oculos
1202 391 1249 426 ad

39 452 189 496 caelum,
219 463 286 487 nec
314 451 531 487 observabat
560 451 713 486 humum
742 455 827 486 ante
855 450 975 498 pedes.
1035 449 1159 485 Amici
1186 450 1249 497 igi-

40 517 100 548 tur
125 510 363 558 appellabant
381 523 536 558 puerum
558 513 579 529 ‘⁴
594 511 619 546 J
623 511 806 546 ohannem
832 510 1005 546 aerium.''
1058 508 1084 544 J
1087 508 1249 544 ohannes

38 574 127 609 olim
168 576 268 609 more
305 585 371 609 suo
408 573 631 609 ambulabat.
708 573 772 609 Sol
815 573 911 608 alma
946 572 1029 607 luce
1065 571 1232 618 fulgebat
1244 585 1255 617 3

37 632 258 669 hirundines
289 632 522 677 volitabant5
556 645 641 668 aves
669 633 879 668 cantabant.
937 631 1035 667 Puer
1061 643 1162 667 more
1189 642 1255 667 suo

36 692 209 728 observat
246 692 397 728 caelum.
454 692 562 727 Eheu
598 705 674 727 non
711 692 815 727 videt
851 691 970 727 lacum
1009 694 1096 727 ante
1131 690 1252 738 pedes.

38 751 173 788 Subito
192 764 326 799 magno
344 752 486 798 fragore
505 752 545 786 in
565 765 697 799 aquam
717 752 865 787 decidit.
923 751 977 786 At
997 751 1158 798 piscator
1179 762 1256 786 non

36 811 144 858 longe
163 811 278 857 abest,
299 814 336 846 et
355 811 469 846 currit
488 811 534 846 ad
556 811 689 847 locum.
749 810 838 847 Sine
866 810 968 846 mor-a
994 811 1104 846 hamo
1132 813 1256 857 captat

35 875 176 907 vestem
211 871 408 916 Johannis,
447 871 648 918 trahit-que
686 871 732 906 ad
770 874 904 906 terram
941 883 1098 919 puerum
1134 870 1255 906 adhuc

37 943 174 967 vivum.

411 1016 468 1054 18.
491 1016 634 1068 Judge:
659 1014 871 1065 Gascoyne.

86 1101 273 1139 Henricus
305 1103 388 1147 IV„
408 1115 474 1138 rex
506 1102 783 1147 Britannorum,
805 1102 968 1138 habebat
1000 1101 1148 1150 pigrum
1175 1115 1256 1151 pro-

35 1163 251 1210 digum-que
287 1163 431 1208 filium;
467 1175 551 1198 nam
586 1163 740 1209 juvenis
768 1163 927 1198 nimium
955 1163 1103 1198 amabat
1139 1163 1256 1199 malos

35 1222 196 1258 comites.
262 1222 372 1257 Forte
416 1222 515 1257 cives
556 1225 730 1257 aocfisant
770 1222 872 1265 furti,
913 1221 1056 1267 Caium,
1095 1223 1256 1258 amicum

35 1281 225 1329 principis,
245 1293 366 1317 coram
390 1281 526 1328 judice.
585 1282 763 1328 Princeps
792 1281 962 1328 properat
989 1281 1037 1317 ad.
1063 1281 1197 1327 locum,
1220 1285 1257 1318 et

35 1342 124 1378 diris
151 1341 264 1377 minis
292 1342 457 1388 postulat
484 1342 632 1377 veniam
661 1342 798 1378 delicti.
856 1342 910 1378 At
934 1343 1062 1389 judex,
1084 1346 1257 1378 strenuus

34 1401 102 1446 vir,
118 1400 228 1448 negat
242 1401 400 1437 veniam.
441 1401 621 1448 Princeps
641 1402 755 1447 igitur
771 1401 921 1449 stringit
939 1401 1115 1448 gladium.
1162 1403 1254 1438 Tum

31 1459 149 1507 judex
181 1459 300 1495 vincit
333 1460 472 1495 catenis
500 1460 701 1507 superbum
730 1461 920 1507 juvenem.
978 1460 1069 1496 Post
1101 1464 1257 1496 mortem

35 1520 150 1566 patris
186 1519 337 1565 juvenis
379 1519 578 1565 Henricus,
612 1521 692 1567 jam
730 1533 805 1566 rex,
845 1520 911 1556 dat
947 1520 1061 1567 digna
1096 1520 1258 1568 praemia

29 1579 162 1626 judici,
182 1577 384 1626 habet-que
401 1579 443 1615 in
461 1579 615 1615 numero
634 1580 845 1617 amicorum.

347 1713 405 1754 19.
437 1704 599 1754 Alfred
614 1705 704 1743 and
722 1705 787 1743 tlte
812 1704 948 1745 Cakes.

86 1788 286 1833 Aluredus,
302 1800 368 1824 rex
387 1789 663 1834 Britannorum,
686 1803 793 1837 saepe
813 1791 1004 1838 pugnabat
1023 1803 1107 1827 cum
1126 1790 1257 1828 Danis.

0 1850 1 1855 ’
36 1848 204 1884 Primum
232 1848 335 1884 Dani
365 1849 564 1885 vincebant
583 1851 699 1897 regias
719 1851 853 1898 copias,
875 1854 912 1886 et
930 1863 1004 1895 rex,
1027 1851 1144 1897 exsul,
1166 1852 1262 1898 petit

36 1907 242 1955 hospitium
260 1907 307 1943 ab
326 1907 459 1943 incolis
486 1921 620 1955 parvae
638 1909 750 1945 casae.
809 1909 969 1954 Incolae,
991 1911 1101 1946 inscii
1119 1910 1262 1958 figurae

36 1968 141 2015 regis,
170 1966 330 2014 benigne
370 1967 549 2015 praebent
574 1968 713 2015 hospiti
746 1973 921 2016 exiguam
952 1981 1080 2004 cenam
1113 1970 1262 2006 durum·

36 2041 109 2076 que
148 2028 296 2064 lectum.
353 2029 541 2064 Postridie
578 2033 737 2076 pergunt
774 2030 820 2065 ad
858 2030 1029 2067 laborem.
1088 2031 1261 2080 Agricola

36 2088 154 2136 pascit
169 2087 254 2124 oves
267 2101 278 2133 3
306 2100 401 2124 uxor
416 2089 531 2124 verrit
550 2089 658 2123 aedes
671 2101 682 2133 3
710 2101 775 2124 rex
794 2090 963 2125 incendit
982 2091 1117 2137 ignem,
1134 2095 1261 2128 torret-

8 2174 9 2179 ,
37 2160 109 2195 que
127 2147 212 2184 liba.
269 2147 364 2183 Mox
384 2151 521 2192 tamen,
536 2148 637 2194 quod
655 2149 791 2184 anxius
810 2149 939 2185 multis
958 2150 1055 2185 curis
1072 2150 1261 2187 Aluredus

622 2209 647 2236 B

92 2222 265 2250 ominum]
