1401 2369
137 126 184 162 76
566 126 920 168 Translations.

368 271 552 308 PIECES
590 271 695 307 FOR
732 270 1116 308 TRANSLATION.

456 356 471 383 Ι
485 355 499 383 Ι
513 356 543 384 1.
580 345 660 384 Teo
672 343 785 395 good
800 358 827 382 a
848 344 1034 393 Defence.

187 420 294 456 Anus
313 420 504 468 quaedam,
533 433 626 467 quae
655 420 804 466 Capuae
831 419 1036 464 habitabat,
1065 420 1223 467 pallium
1241 420 1314 456 sibi
1332 433 1353 456 a

135 492 229 515 nuru
248 480 429 515 creditum
448 480 542 515 forte
562 479 728 515 sciderat.
786 479 906 526 Cujus
934 479 1024 514 iram
1046 480 1175 524 verita,
1196 480 1351 527 pallium

132 539 287 575 scissum
319 540 416 576 inter
445 539 588 586 aliquas
615 542 737 574 vestes
770 539 931 585 integras
963 538 1110 585 celavit,
1140 551 1353 586 omnes-que

133 599 262 634 eodem
293 601 457 646 tempore
489 611 576 635 suae
608 599 720 634 nurui
752 598 927 635 reddidit.
985 598 1088 634 Haec
1121 602 1257 644 autem,
1285 599 1353 635 ubi

132 658 299 694 fraudem
331 659 529 706 perspexit,
559 658 660 705 quod
687 658 727 694 id
755 658 912 705 pallium
939 658 1095 694 maximi
1122 658 1351 702 aestimabat,

132 718 185 753 ira
204 722 386 754 commota
414 730 560 753 eausam
587 717 687 765 apud
715 718 862 764 judices
889 718 1032 765 agebat.
1088 718 1184 753 Tum
1212 730 1305 754 anus
1331 730 1353 753 a

126 780 319 827 judicibus
346 780 579 827 interrogata,
609 780 793 827 purgandi
826 780 884 815 sui
915 782 1034 825 causa,
1063 780 1117 816 ita
1147 780 1349 827 respondit.

133 842 210 879 “Si
238 843 347 889 aequi
374 843 461 878 estis
492 843 650 889 judices,
684 842 829 878 nullam
858 854 1015 890 poenam
1042 855 1064 878 a
1091 855 1149 878 me
1177 843 1351 890 repetetis

131 904 268 940 multas
300 905 348 940 ob
382 917 535 950 causas3
573 905 736 952 primum
768 905 868 940 enim
895 905 1045 940 nullum
1073 904 1230 951 pallium
1257 904 1353 939 mihi

130 976 295 1011 unquam
314 964 495 999 creditum
515 967 569 1000 est
587 978 595 1010 ;
624 964 808 1011 quomodo
828 964 942 1011 igitur
969 965 1009 1000 id
1036 964 1202 1000 scindere
1222 964 1353 1011 potui?

130 1023 278 1059 Deinde
311 1035 426 1058 nurus
458 1035 539 1059 mea
567 1023 723 1070 pallium
757 1025 837 1070 ipsa
874 1024 1042 1068 sciderat,
1072 1027 1285 1071 ante-quam
1311 1023 1352 1059 id

128 1082 222 1117 mihi
237 1082 404 1117 credidit.
434 1082 627 1118 Postremo
643 1083 682 1118 id
698 1083 866 1130 pallium,
880 1084 981 1130 quod
993 1083 1150 1127 reddidi,
1165 1084 1348 1130 integrum

127 1142 210 1179 fuit.
268 1142 406 1178 Nonne
421 1154 479 1177 me
494 1142 609 1189 igitur
627 1142 736 1178 laude
753 1143 962 1190 digniorem
976 1155 1088 1190 quam
1108 1146 1227 1190 poena
1241 1143 1350 1179 habe-

128 1203 272 1239 bitis2’'
327 1204 407 1239 Hac
428 1207 552 1240 tamen
572 1204 737 1240 oratione
757 1217 833 1249 usa,
846 1205 1040 1251 judicibus
1059 1217 1136 1240 non
1155 1205 1346 1252 persuasit.

484 1324 570 1352 112.
606 1312 737 1364 Clzeap
764 1313 1016 1364 Travellz'ng.

178 1390 323 1434 Timon,
344 1389 547 1434 Romanus,
569 1390 736 1425 honestis
759 1393 870 1425 natus
898 1389 1124 1437 parentibus,
1147 1390 1213 1436 qui
1240 1390 1351 1437 patri-

127 1450 244 1485 monii
275 1462 447 1496 magnam
484 1452 626 1496 partem
658 1449 824 1484 ludendo
856 1449 1109 1494 devoraverat,
1143 1449 1272 1496 procul
1303 1450 1350 1485 ab

127 1509 218 1545 urbe
236 1509 307 1544 iter
326 1509 493 1545 faciebat.
552 1509 633 1554 Quo
663 1509 703 1543 in
730 1509 863 1544 itinere
892 1509 982 1544 dum
1009 1521 1110 1543 more
1138 1520 1204 1543 suo
1232 1508 1350 1544 aleam

125 1569 235 1613 ludit,
261 1568 404 1615 reliqua
431 1571 534 1615 parte
562 1569 740 1615 pecuniae
768 1568 948 1615 spoliatus
976 1571 1039 1604 est.
1098 1567 1195 1603 Tum
1222 1568 1265 1614 is,
1290 1569 1350 1603 cui

126 1641 194 1665 nec
229 1633 422 1675 argentum
459 1641 526 1664 nec
564 1629 703 1663 amicus
741 1628 781 1663 in
817 1628 863 1663 iis
899 1627 990 1663 locis
1026 1627 1211 1672 manebat,
1249 1628 1351 1675 quod

126 1688 270 1724 itineris
284 1688 469 1734 impensas
488 1687 630 1723 solvere
650 1700 726 1723 non
745 1690 899 1734 poterat,
917 1687 987 1723 hoe
1006 1687 1160 1723 consilio
1176 1699 1265 1723 usus
1280 1691 1346 1723 est.

127 1749 298 1785 Pulveris
310 1748 463 1795 aliquid,
479 1749 579 1795 quod
593 1750 770 1794 coegerat,
791 1748 832 1783 in
852 1748 1058 1795 complures
1071 1751 1192 1795 partes
1208 1748 1347 1793 divisit,

127 1810 168 1844 in
199 1808 336 1856 quibus
363 1808 602 1854 inscripserat
632 1807 867 1843 “Venenum
894 1807 942 1843 ad
970 1807 1138 1842 consules
1165 1807 1350 1843 necandos

127 1867 328 1916 paratum.⁷'
383 1867 483 1913 Quas
515 1867 581 1902 ubi
614 1867 792 1902 viderunt
823 1866 1015 1913 agricolae,
1043 1878 1120 1901 rem
1148 1866 1194 1901 ad
1221 1867 1350 1913 magis-

127 1932 245 1964 tratus
264 1926 489 1972 detulerunt,
512 1927 578 1973 qui
597 1926 800 1970 Timonem,
822 1930 866 1961 ut
889 1926 1124 1973 proditorem,
1146 1925 1193 1960 ad
1220 1925 1350 1961 urbem

126 1987 277 2034 publico
314 1989 468 2033 sumptu
504 1997 617 2032 quam
658 1985 844 2020 celerrime
888 1988 1091 2020 traxerunt.
1167 1984 1349 2020 Consules

125 2050 261 2091 autem,
299 2047 364 2093 qui
401 2057 589 2081 venenum
621 2048 697 2080 tam
728 2045 907 2080 innocens
940 2056 1016 2080 non
1049 2044 1243 2090 timebant,
1273 2057 1350 2080 non

125 2108 236 2144 modo
261 2119 345 2142 eum
373 2118 393 2141 e
420 2105 581 2141 vinculis
609 2104 874 2149 liberaverunt,
901 2104 967 2140 sed
995 2103 1166 2140 fortunae
1193 2105 1349 2140 miseriti

125 2167 250 2213 aliquo
270 2164 413 2212 argenti
432 2163 675 2200 donaverunt.
