1401 2369
496 118 846 159 Translations.
1232 119 1279 155 37

61 252 171 286 quam
204 252 322 287 nuper
354 239 521 284 duxerat,
551 238 622 273 iter
653 237 820 273 faciebat.
879 237 973 273 Mox
1005 236 1052 272 ad
1084 237 1183 284 ripas
1213 237 1281 273 alti

61 299 268 347 rapidi-que
328 299 495 334 fluminis
549 298 707 334 viatores
765 297 998 344 perveniunt,
1055 296 1280 344 frustra-que

63 360 199 395 vadum
253 362 396 406 petunt.
474 357 607 394 Subito
658 357 815 393 occurrit
869 360 1064 392 centaurus
1114 356 1277 403 quidam,

62 418 211 453 nomine
251 417 402 453 Nessus.
471 416 683 460 “Multae‚’'
720 415 855 462 inquit,
892 418 1035 451 “antea
1072 418 1174 451 trans
1209 415 1280 451 hoc

61 477 199 512 flumen
226 489 247 512 a
274 489 333 512 me
360 479 629 523 transportatae
656 478 753 511 sunt.
810 475 861 510 Te
888 487 1047 522 quoque,
1068 487 1089 511 0
1112 475 1280 522 pulcher-

61 537 154 573 rima
207 536 397 581 Deianira,
449 536 480 571 si
535 535 649 583 cupis,
703 535 778 571 lato
832 547 914 571 meo
968 539 1068 582 tergo
1121 535 1281 570 libenter

62 596 319 644 transportabo
334 597 369 642 ;''
415 595 528 632 simul
568 595 731 642 puellam
767 595 869 631 haud
905 595 1066 631 invitam
1101 595 1280 643 suscipit3

61 656 195 692 deinde
214 656 377 704 perfidus
396 667 528 703 magna
547 654 733 690 celeritate
752 655 792 690 in
811 657 955 691 montes
973 654 1079 701 fugit.

131 808 191 849 52.
223 800 262 838 A
288 798 399 838 Ride
418 812 468 837 θη
490 798 556 837 tlze
581 797 796 838 Centaur’s
815 799 930 837 Bacle
951 798 1214 852 (continued).

114 887 294 922 Hercules
309 889 444 932 autem,
462 898 573 932 quem
588 886 689 921 fraus
704 886 871 921 centauri
885 897 962 921 non
977 886 1139 931 fallebat,
1157 899 1282 923 arcum

63 946 195 993 rapuit,
216 949 253 982 et
281 948 355 980 una
383 958 430 981 ex
457 945 503 980 iis
530 945 686 992 sagittis,
707 957 798 991 quas
825 945 904 992 ipse
932 946 1111 992 sanguine
1131 946 1282 993 Hydrae

62 1006 233 1051 tinxerat,
267 1005 469 1052 fugitivum
502 1004 723 1041 vulneravit.
781 1004 835 1040 At
862 1005 1110 1042 moribundus
1137 1006 1282 1053 puellae

62 1065 258 1103 consilium
271 1064 341 1101 hoc
356 1065 635 1111 iniquissimum
650 1064 714 1100 dat
729 1063 871 1100 Nessus
885 1078 895 1110 3
926 1067 948 1083 ‘⁶
960 1064 1132 1112 Accipe,’⁷
1144 1065 1279 1112 inquit,

65 1128 86 1143 “
100 1125 196 1161 hanc
224 1125 401 1170 tunicam,
423 1136 535 1171 quam
562 1136 666 1159 meus
685 1124 834 1171 sanguis
858 1124 992 1168 tinxit;
1020 1124 1110 1160 haec
1130 1125 1201 1160 tibi
1219 1125 1282 1161 ali-

61 1185 209 1231 quando
223 1197 384 1220 amorem
403 1183 571 1231 conjugis
591 1183 795 1220 restituet.''
855 1184 927 1220 His
942 1184 1066 1220 verbis
1085 1188 1282 1221 centaurus

61 1245 205 1281 occidit.
476 1290 479 1293 .

113 1304 255 1340 Paucos
287 1307 371 1351 post
403 1316 520 1339 annos
557 1303 749 1349 Hercules,
784 1303 983 1341 Oechaliae
1015 1304 1144 1349 victor,
1175 1305 1283 1342 Iolen

61 1364 245 1411 captivam
282 1363 460 1399 Deianira
491 1362 741 1410 pulchriorem
777 1363 976 1399 adamavit.
1035 1363 1137 1399 Haec
1169 1365 1284 1412 igitur

61 1424 257 1460 verborum
289 1423 455 1459 centauri
489 1423 590 1458 haud
622 1423 826 1466 immemor,
855 1423 1020 1459 tunicam
1052 1424 1204 1461 fatalem
1235 1426 1283 1462 ad

62 1483 256 1530 conjugem
274 1482 386 1519 misit.
445 1482 553 1518 Hanc
582 1482 763 1518 Hercules
791 1482 964 1518 incautus
991 1483 1127 1529 induit,
1148 1488 1186 1520 et
1203 1485 1282 1532 ipse

62 1547 213 1578 necatur
248 1542 328 1578 dira
363 1541 403 1578 vi
439 1541 542 1578 illius
578 1542 724 1587 veneni,
764 1554 837 1589 quo
883 1542 973 1578 olim
1009 1555 1094 1579 suas
1129 1545 1282 1593 sagittas

62 1602 232 1638 tinxerat.

369 1719 430 1760 53.
462 1710 502 1748 A
541 1709 790 1761 lVondmfztl
804 1709 976 1752 Dream,

113 1797 200 1833 Tres
228 1797 318 1833 olim
345 1797 505 1833 viatores
533 1810 554 1833 a
581 1797 704 1833 Gallia
731 1797 779 1833 ad
806 1798 957 1834 ltaliam
985 1800 1055 1835 iter
1082 1800 1273 1841 faciebant,

60 1858 134 1894 Via
153 1861 229 1893 erat
257 1860 293 1892 et
321 1856 431 1904 longa
458 1860 495 1892 et
523 1856 754 1902 difficillima,
775 1858 876 1904 quod
894 1858 1062 1905 undique
1090 1861 1281 1897 montibus

60 1917 249 1953 altissimis
286 1915 556 1952 continebatur.
626 1916 742 1964 Saepe
786 1929 958 1965 magnam
996 1919 1071 1954 cibi
1115 1920 1280 1968 inopiam

59 1977 218 2012 viatores
237 1975 446 2012 tolerabant
460 1989 470 2021 3
497 1975 649 2011 tandem
667 1976 766 2011 nihil
784 1976 861 2012 illis
875 1982 1077 2025 super-erat
1096 1979 1169 2015 nisi
1183 1992 1281 2017 unus

58 2036 176 2083 panis,
198 2035 299 2071 haud
317 2036 371 2071 ita
389 2034 549 2082 grandis,
571 2047 681 2081 quem
709 2047 837 2072 omnes
860 2036 1144 2084 diligentissime
1162 2052 1282 2077 serva-

57 2095 158 2132 bant.
216 2095 329 2131 Hunc
349 2095 421 2130 sibi
440 2094 598 2140 quisque
616 2094 793 2132 vindicat.
851 2095 1025 2143 Denique
1043 2098 1131 2135 fessi
1149 2112 1280 2138 somno

58 2167 96 2190 se
123 2155 224 2199 dant,
254 2166 474 2201 panem-que
502 2159 717 2200 proponunt
745 2155 880 2190 somnii
908 2156 1153 2203 insignissimi
1181 2173 1280 2207 prae-
