<?xml version="1.0" encoding="UTF-8"?>
<!DOCTYPE html PUBLIC "-//W3C//DTD XHTML 1.0 Transitional//EN"
    "http://www.w3.org/TR/xhtml1/DTD/xhtml1-transitional.dtd">
<html xmlns="http://www.w3.org/1999/xhtml" xml:lang="en" lang="en">
 <head>
  <title>
</title>
<meta http-equiv="Content-Type" content="text/html;charset=utf-8" />
  <meta name='ocr-system' content='tesseract 3.04.00' />
  <meta name='ocr-capabilities' content='ocr_page ocr_carea ocr_par ocr_line ocrx_word'/>
</head>
<body>
  <div class='ocr_page' id='page_1' title='image "./gradatimeasylati00heat/gradatimeasylati00heat_0103.png"; bbox 0 0 1401 2369; ppageno 0'>
   <div class='ocr_carea' id='block_1_1' title="bbox 494 73 1273 115">
    <p class='ocr_par' dir='ltr' id='par_1_1' title="bbox 494 73 1273 115">
     <span class='ocr_line' id='line_1_1' title="bbox 494 73 1273 115; baseline -0.001 -1"><span class='ocrx_word' id='word_1_1' title='bbox 494 73 840 115; x_wconf 84' lang='lat' dir='ltr'>Translations.</span> <span class='ocrx_word' id='word_1_2' title='bbox 1230 77 1273 113; x_wconf 84' lang='lat'>91</span> 
     </span>
    </p>
   </div>
   <div class='ocr_carea' id='block_1_2' title="bbox 428 261 922 311">
    <p class='ocr_par' dir='ltr' id='par_1_2' title="bbox 428 261 922 311">
     <span class='ocr_line' id='line_1_2' title="bbox 428 261 922 311; baseline 0 -10"><span class='ocrx_word' id='word_1_3' title='bbox 428 273 442 301; x_wconf 94' lang='lat'>1</span> <span class='ocrx_word' id='word_1_4' title='bbox 453 272 473 311; x_wconf 85' lang='lat'>3</span> <span class='ocrx_word' id='word_1_5' title='bbox 481 270 512 311; x_wconf 83' lang='grc'>5.</span> <span class='ocrx_word' id='word_1_6' title='bbox 551 261 636 300; x_wconf 78' lang='lat' dir='ltr'>Tlce</span> <span class='ocrx_word' id='word_1_7' title='bbox 653 261 922 301; x_wconf 69' lang='lat' dir='ltr'>Hunclcback.</span> 
     </span>
    </p>
   </div>
   <div class='ocr_carea' id='block_1_3' title="bbox 58 358 1320 1183">
    <p class='ocr_par' dir='ltr' id='par_1_3' title="bbox 58 358 1320 1183">
     <span class='ocr_line' id='line_1_3' title="bbox 110 358 1276 406; baseline 0 -10"><span class='ocrx_word' id='word_1_8' title='bbox 110 359 231 396; x_wconf 84' lang='lat' dir='ltr'>Varus</span> <span class='ocrx_word' id='word_1_9' title='bbox 250 360 390 396; x_wconf 76' lang='lat' dir='ltr'>tibicen</span> <span class='ocrx_word' id='word_1_10' title='bbox 409 363 484 395; x_wconf 83' lang='lat' dir='ltr'>erat</span> <span class='ocrx_word' id='word_1_11' title='bbox 510 371 657 406; x_wconf 88' lang='lat' dir='ltr'>corpore</span> <span class='ocrx_word' id='word_1_12' title='bbox 677 359 839 403; x_wconf 85' lang='lat' dir='ltr'>informi,</span> <span class='ocrx_word' id='word_1_13' title='bbox 862 358 1020 394; x_wconf 80' lang='lat' dir='ltr'>canendi</span> <span class='ocrx_word' id='word_1_14' title='bbox 1048 361 1173 397; x_wconf 86' lang='lat' dir='ltr'>tamen</span> <span class='ocrx_word' id='word_1_15' title='bbox 1201 364 1276 396; x_wconf 87' lang='lat' dir='ltr'>arte</span> 
     </span>
     <span class='ocr_line' id='line_1_4' title="bbox 60 416 1277 466; baseline 0 -12"><span class='ocrx_word' id='word_1_16' title='bbox 60 417 315 466; x_wconf 83' lang='lat' dir='ltr'>peritissimus.</span> <span class='ocrx_word' id='word_1_17' title='bbox 374 416 447 452; x_wconf 87' lang='lat' dir='ltr'>Hic</span> <span class='ocrx_word' id='word_1_18' title='bbox 480 416 568 452; x_wconf 89' lang='lat' dir='ltr'>olim</span> <span class='ocrx_word' id='word_1_19' title='bbox 597 416 644 451; x_wconf 84' lang='lat' dir='ltr'>ad</span> <span class='ocrx_word' id='word_1_20' title='bbox 673 428 800 452; x_wconf 86' lang='lat' dir='ltr'>cenam</span> <span class='ocrx_word' id='word_1_21' title='bbox 827 422 979 453; x_wconf 86' lang='lat' dir='ltr'>vocatus</span> <span class='ocrx_word' id='word_1_22' title='bbox 1007 422 1063 454; x_wconf 85' lang='lat' dir='ltr'>est</span> <span class='ocrx_word' id='word_1_23' title='bbox 1091 430 1113 453; x_wconf 88' lang='lat' dir='ltr'>a</span> <span class='ocrx_word' id='word_1_24' title='bbox 1140 422 1277 454; x_wconf 83' lang='lat' dir='ltr'>sartore</span> 
     </span>
     <span class='ocr_line' id='line_1_5' title="bbox 61 475 1278 525; baseline 0.001 -13"><span class='ocrx_word' id='word_1_25' title='bbox 61 477 234 525; x_wconf 88' lang='lat' dir='ltr'>quodam,</span> <span class='ocrx_word' id='word_1_26' title='bbox 251 475 326 523; x_wconf 88' lang='lat' dir='ltr'>qui,</span> <span class='ocrx_word' id='word_1_27' title='bbox 345 475 415 510; x_wconf 86' lang='lat' dir='ltr'>etsi</span> <span class='ocrx_word' id='word_1_28' title='bbox 429 475 557 511; x_wconf 84' lang='lat' dir='ltr'>modos</span> <span class='ocrx_word' id='word_1_29' title='bbox 575 475 690 511; x_wconf 78' lang='lat' dir='ltr'>tibiae</span> <span class='ocrx_word' id='word_1_30' title='bbox 709 488 822 523; x_wconf 88' lang='lat' dir='ltr'>quam</span> <span class='ocrx_word' id='word_1_31' title='bbox 840 477 1001 513; x_wconf 76' lang='lat' dir='ltr'>maxime</span> <span class='ocrx_word' id='word_1_32' title='bbox 1020 477 1178 522; x_wconf 85' lang='lat' dir='ltr'>amabat,</span> <span class='ocrx_word' id='word_1_33' title='bbox 1200 477 1278 525; x_wconf 87' lang='lat' dir='ltr'>ipse</span> 
     </span>
     <span class='ocr_line' id='line_1_6' title="bbox 62 534 1278 585; baseline -0.001 -12"><span class='ocrx_word' id='word_1_34' title='bbox 62 541 208 573; x_wconf 87' lang='lat' dir='ltr'>cantare</span> <span class='ocrx_word' id='word_1_35' title='bbox 249 548 323 572; x_wconf 86' lang='lat' dir='ltr'>non</span> <span class='ocrx_word' id='word_1_36' title='bbox 364 540 510 582; x_wconf 88' lang='lat' dir='ltr'>poterat</span> <span class='ocrx_word' id='word_1_37' title='bbox 593 534 698 570; x_wconf 89' lang='lat' dir='ltr'>Dum</span> <span class='ocrx_word' id='word_1_38' title='bbox 745 542 887 581; x_wconf 86' lang='lat' dir='ltr'>cenant,</span> <span class='ocrx_word' id='word_1_39' title='bbox 926 537 1058 582; x_wconf 82' lang='lat' dir='ltr'>Varus,</span> <span class='ocrx_word' id='word_1_40' title='bbox 1097 537 1198 585; x_wconf 88' lang='lat' dir='ltr'>quod</span> <span class='ocrx_word' id='word_1_41' title='bbox 1240 550 1278 572; x_wconf 81' lang='lat' dir='ltr'>os</span> 
     </span>
     <span class='ocr_line' id='line_1_7' title="bbox 61 594 1320 644; baseline -0.002 -12"><span class='ocrx_word' id='word_1_42' title='bbox 61 609 236 644; x_wconf 85' lang='lat' dir='ltr'>magnum</span> <span class='ocrx_word' id='word_1_43' title='bbox 271 596 445 632; x_wconf 85' lang='lat' dir='ltr'>haerebat</span> <span class='ocrx_word' id='word_1_44' title='bbox 486 595 527 631; x_wconf 90' lang='lat' dir='ltr'>in</span> <span class='ocrx_word' id='word_1_45' title='bbox 571 599 731 643; x_wconf 86' lang='lat' dir='ltr'>gutture,</span> <span class='ocrx_word' id='word_1_46' title='bbox 770 594 818 630; x_wconf 83' lang='lat' dir='ltr'>ad.</span> <span class='ocrx_word' id='word_1_47' title='bbox 855 598 989 630; x_wconf 88' lang='lat' dir='ltr'>terram</span> <span class='ocrx_word' id='word_1_48' title='bbox 1033 595 1280 631; x_wconf 86' lang='lat' dir='ltr'>moribundus</span> <span class='ocrx_word' id='word_1_49' title='bbox 1316 631 1320 637; x_wconf 65' lang='lat'>‚</span> 
     </span>
     <span class='ocr_line' id='line_1_8' title="bbox 61 655 1279 703; baseline -0.002 -10"><span class='ocrx_word' id='word_1_50' title='bbox 61 656 202 693; x_wconf 83' lang='lat' dir='ltr'>cecidit.</span> <span class='ocrx_word' id='word_1_51' title='bbox 285 657 381 692; x_wconf 88' lang='lat' dir='ltr'>Inde</span> <span class='ocrx_word' id='word_1_52' title='bbox 427 659 544 692; x_wconf 85' lang='lat' dir='ltr'>sartor</span> <span class='ocrx_word' id='word_1_53' title='bbox 579 656 720 691; x_wconf 89' lang='lat' dir='ltr'>veritus</span> <span class='ocrx_word' id='word_1_54' title='bbox 757 667 803 691; x_wconf 89' lang='lat' dir='ltr'>ne</span> <span class='ocrx_word' id='word_1_55' title='bbox 850 656 971 691; x_wconf 80' lang='lat' dir='ltr'>caedis</span> <span class='ocrx_word' id='word_1_56' title='bbox 1017 656 1076 691; x_wconf 83' lang='lat' dir='ltr'>sui</span> <span class='ocrx_word' id='word_1_57' title='bbox 1120 655 1279 703; x_wconf 82' lang='lat' dir='ltr'>hospitis</span> 
     </span>
     <span class='ocr_line' id='line_1_9' title="bbox 60 715 1281 763; baseline -0.002 -10"><span class='ocrx_word' id='word_1_58' title='bbox 60 720 300 763; x_wconf 75' lang='lat' dir='ltr'>accusaretur,</span> <span class='ocrx_word' id='word_1_59' title='bbox 323 716 431 752; x_wconf 88' lang='lat' dir='ltr'>amici</span> <span class='ocrx_word' id='word_1_60' title='bbox 450 715 610 751; x_wconf 82' lang='lat' dir='ltr'>infelicis</span> <span class='ocrx_word' id='word_1_61' title='bbox 630 727 761 762; x_wconf 86' lang='lat' dir='ltr'>corpus</span> <span class='ocrx_word' id='word_1_62' title='bbox 787 715 834 750; x_wconf 85' lang='lat' dir='ltr'>ad</span> <span class='ocrx_word' id='word_1_63' title='bbox 862 715 969 750; x_wconf 85' lang='lat' dir='ltr'>aedes</span> <span class='ocrx_word' id='word_1_64' title='bbox 997 715 1132 751; x_wconf 89' lang='lat' dir='ltr'>medici</span> <span class='ocrx_word' id='word_1_65' title='bbox 1160 716 1281 762; x_wconf 82' lang='lat' dir='ltr'>cujus-</span> 
     </span>
     <span class='ocr_line' id='line_1_10' title="bbox 59 775 1280 822; baseline -0.002 -10"><span class='ocrx_word' id='word_1_66' title='bbox 59 777 145 812; x_wconf 86' lang='lat' dir='ltr'>dam</span> <span class='ocrx_word' id='word_1_67' title='bbox 178 777 273 812; x_wconf 86' lang='lat' dir='ltr'>clam</span> <span class='ocrx_word' id='word_1_68' title='bbox 305 776 449 812; x_wconf 87' lang='lat' dir='ltr'>detulit.</span> <span class='ocrx_word' id='word_1_69' title='bbox 508 775 582 810; x_wconf 86' lang='lat' dir='ltr'>Hic</span> <span class='ocrx_word' id='word_1_70' title='bbox 616 787 709 810; x_wconf 89' lang='lat' dir='ltr'>onus</span> <span class='ocrx_word' id='word_1_71' title='bbox 746 775 895 810; x_wconf 88' lang='lat' dir='ltr'>aedium</span> <span class='ocrx_word' id='word_1_72' title='bbox 932 775 1105 822; x_wconf 85' lang='lat' dir='ltr'>postibus</span> <span class='ocrx_word' id='word_1_73' title='bbox 1140 775 1280 810; x_wconf 87' lang='lat' dir='ltr'>fultum</span> 
     </span>
     <span class='ocr_line' id='line_1_11' title="bbox 60 834 1281 883; baseline -0.001 -12"><span class='ocrx_word' id='word_1_74' title='bbox 60 836 220 883; x_wconf 86' lang='lat' dir='ltr'>reliquit.</span> <span class='ocrx_word' id='word_1_75' title='bbox 277 836 403 872; x_wconf 65' lang='lat' dir='ltr'>Prima</span> <span class='ocrx_word' id='word_1_76' title='bbox 431 835 523 880; x_wconf 86' lang='lat' dir='ltr'>luce,</span> <span class='ocrx_word' id='word_1_77' title='bbox 545 834 612 870; x_wconf 86' lang='lat' dir='ltr'>ubi</span> <span class='ocrx_word' id='word_1_78' title='bbox 640 834 817 878; x_wconf 81' lang='lat' dir='ltr'>medicus,</span> <span class='ocrx_word' id='word_1_79' title='bbox 839 834 898 870; x_wconf 89' lang='lat' dir='ltr'>vir</span> <span class='ocrx_word' id='word_1_80' title='bbox 924 835 1136 881; x_wconf 87' lang='lat' dir='ltr'>iracundus,</span> <span class='ocrx_word' id='word_1_81' title='bbox 1157 839 1281 882; x_wconf 88' lang='lat' dir='ltr'>portas</span> 
     </span>
     <span class='ocr_line' id='line_1_12' title="bbox 59 894 1280 942; baseline -0.002 -10"><span class='ocrx_word' id='word_1_82' title='bbox 59 896 207 932; x_wconf 81' lang='lat' dir='ltr'>aedium</span> <span class='ocrx_word' id='word_1_83' title='bbox 252 897 424 931; x_wconf 87' lang='lat' dir='ltr'>incautus</span> <span class='ocrx_word' id='word_1_84' title='bbox 469 894 655 938; x_wconf 84' lang='lat' dir='ltr'>reseravit,</span> <span class='ocrx_word' id='word_1_85' title='bbox 696 906 828 941; x_wconf 86' lang='lat' dir='ltr'>corpus</span> <span class='ocrx_word' id='word_1_86' title='bbox 870 907 936 930; x_wconf 85' lang='lat' dir='ltr'>suo</span> <span class='ocrx_word' id='word_1_87' title='bbox 977 895 1056 931; x_wconf 86' lang='lat' dir='ltr'>loco</span> <span class='ocrx_word' id='word_1_88' title='bbox 1094 895 1280 942; x_wconf 86' lang='lat' dir='ltr'>dejectum</span> 
     </span>
     <span class='ocr_line' id='line_1_13' title="bbox 59 953 1280 1004; baseline -0.002 -12"><span class='ocrx_word' id='word_1_89' title='bbox 59 968 231 1004; x_wconf 86' lang='lat' dir='ltr'>praeceps</span> <span class='ocrx_word' id='word_1_90' title='bbox 250 956 298 991; x_wconf 86' lang='lat' dir='ltr'>ad</span> <span class='ocrx_word' id='word_1_91' title='bbox 317 958 450 991; x_wconf 84' lang='lat' dir='ltr'>terram</span> <span class='ocrx_word' id='word_1_92' title='bbox 469 955 553 990; x_wconf 83' lang='lat' dir='ltr'>ruit.</span> <span class='ocrx_word' id='word_1_93' title='bbox 613 953 722 1000; x_wconf 76' lang='lat' dir='ltr'>Quod</span> <span class='ocrx_word' id='word_1_94' title='bbox 742 954 809 989; x_wconf 92' lang='lat' dir='ltr'>ubi</span> <span class='ocrx_word' id='word_1_95' title='bbox 827 954 925 990; x_wconf 86' lang='lat' dir='ltr'>vidit</span> <span class='ocrx_word' id='word_1_96' title='bbox 949 954 1126 999; x_wconf 82' lang='lat' dir='ltr'>medicus,</span> <span class='ocrx_word' id='word_1_97' title='bbox 1148 967 1186 990; x_wconf 87' lang='lat' dir='ltr'>re</span> <span class='ocrx_word' id='word_1_98' title='bbox 1204 958 1280 990; x_wconf 88' lang='lat' dir='ltr'>tam</span> 
     </span>
     <span class='ocr_line' id='line_1_14' title="bbox 59 1014 1279 1063; baseline -0.001 -12"><span class='ocrx_word' id='word_1_99' title='bbox 59 1016 250 1063; x_wconf 68' lang='lat' dir='ltr'>inopinata</span> <span class='ocrx_word' id='word_1_100' title='bbox 276 1027 388 1062; x_wconf 83' lang='lat' dir='ltr'>quam</span> <span class='ocrx_word' id='word_1_101' title='bbox 415 1014 575 1049; x_wconf 80' lang='lat' dir='ltr'>maxime</span> <span class='ocrx_word' id='word_1_102' title='bbox 606 1014 833 1061; x_wconf 85' lang='lat' dir='ltr'>perterritus,</span> <span class='ocrx_word' id='word_1_103' title='bbox 863 1014 1031 1050; x_wconf 85' lang='lat' dir='ltr'>tibicinis</span> <span class='ocrx_word' id='word_1_104' title='bbox 1059 1014 1214 1050; x_wconf 81' lang='lat' dir='ltr'>cadaver</span> <span class='ocrx_word' id='word_1_105' title='bbox 1240 1015 1279 1050; x_wconf 89' lang='lat' dir='ltr'>in</span> 
     </span>
     <span class='ocr_line' id='line_1_15' title="bbox 58 1074 1277 1122; baseline -0.002 -10"><span class='ocrx_word' id='word_1_106' title='bbox 58 1076 269 1112; x_wconf 86' lang='lat' dir='ltr'>interiorem</span> <span class='ocrx_word' id='word_1_107' title='bbox 302 1077 444 1122; x_wconf 85' lang='lat' dir='ltr'>partem</span> <span class='ocrx_word' id='word_1_108' title='bbox 477 1074 608 1110; x_wconf 70' lang='lat' dir='ltr'>domus</span> <span class='ocrx_word' id='word_1_109' title='bbox 636 1074 811 1121; x_wconf 85' lang='lat' dir='ltr'>portavit,</span> <span class='ocrx_word' id='word_1_110' title='bbox 842 1086 1005 1121; x_wconf 86' lang='lat' dir='ltr'>rem-que</span> <span class='ocrx_word' id='word_1_111' title='bbox 1039 1086 1123 1110; x_wconf 86' lang='lat' dir='ltr'>cum</span> <span class='ocrx_word' id='word_1_112' title='bbox 1153 1086 1277 1118; x_wconf 84' lang='lat' dir='ltr'>uxore,</span> 
     </span>
     <span class='ocr_line' id='line_1_16' title="bbox 59 1134 798 1183; baseline -0.001 -13"><span class='ocrx_word' id='word_1_113' title='bbox 59 1135 197 1171; x_wconf 70' lang='lat' dir='ltr'>femina</span> <span class='ocrx_word' id='word_1_114' title='bbox 216 1135 307 1171; x_wconf 87' lang='lat' dir='ltr'>acris</span> <span class='ocrx_word' id='word_1_115' title='bbox 325 1134 477 1183; x_wconf 79' lang='lat' dir='ltr'>ingenii,</span> <span class='ocrx_word' id='word_1_116' title='bbox 500 1134 798 1170; x_wconf 72' lang='lat' dir='ltr'>communicavit.</span> 
     </span>
    </p>
   </div>
   <div class='ocr_carea' id='block_1_4' title="bbox 389 1291 959 1342">
    <p class='ocr_par' dir='ltr' id='par_1_4' title="bbox 389 1291 959 1342">
     <span class='ocr_line' id='line_1_17' title="bbox 389 1291 959 1342; baseline 0.002 -11"><span class='ocrx_word' id='word_1_117' title='bbox 389 1293 475 1342; x_wconf 82' lang='lat'><strong>136.</strong></span> <span class='ocrx_word' id='word_1_118' title='bbox 505 1293 643 1331; x_wconf 75' lang='lat' dir='ltr'><em>Down</em></span> <span class='ocrx_word' id='word_1_119' title='bbox 666 1291 732 1330; x_wconf 69' lang='lat' dir='ltr'>tlte</span> <span class='ocrx_word' id='word_1_120' title='bbox 754 1291 959 1342; x_wconf 74' lang='lat' dir='ltr'>Clzz&#39;mney.</span> 
     </span>
    </p>
   </div>
   <div class='ocr_carea' id='block_1_5' title="bbox 58 1390 1279 2161">
    <p class='ocr_par' dir='ltr' id='par_1_5' title="bbox 58 1390 1279 2161">
     <span class='ocr_line' id='line_1_18' title="bbox 111 1390 1278 1437; baseline 0 -9"><span class='ocrx_word' id='word_1_121' title='bbox 111 1392 205 1435; x_wconf 83' lang='lat' dir='ltr'>Inde</span> <span class='ocrx_word' id='word_1_122' title='bbox 242 1404 346 1437; x_wconf 87' lang='lat' dir='ltr'>uxor,</span> <span class='ocrx_word' id='word_1_123' title='bbox 387 1391 548 1435; x_wconf 77' lang='lat' dir='ltr'>“Noli‚’²</span> <span class='ocrx_word' id='word_1_124' title='bbox 587 1390 720 1437; x_wconf 88' lang='lat' dir='ltr'>inquit,</span> <span class='ocrx_word' id='word_1_125' title='bbox 753 1393 826 1427; x_wconf 83' lang='lat' dir='ltr'>“te</span> <span class='ocrx_word' id='word_1_126' title='bbox 863 1403 1006 1434; x_wconf 81' lang='lat' dir='ltr'>vexare,</span> <span class='ocrx_word' id='word_1_127' title='bbox 1036 1403 1117 1427; x_wconf 87' lang='lat' dir='ltr'>meo</span> <span class='ocrx_word' id='word_1_128' title='bbox 1155 1395 1278 1428; x_wconf 87' lang='lat' dir='ltr'>tamen</span> 
     </span>
     <span class='ocr_line' id='line_1_19' title="bbox 60 1453 1279 1491; baseline -0.001 0"><span class='ocrx_word' id='word_1_129' title='bbox 60 1454 212 1491; x_wconf 86' lang='lat' dir='ltr'>consilio</span> <span class='ocrx_word' id='word_1_130' title='bbox 231 1453 344 1491; x_wconf 66' lang='lat' dir='ltr'>utere.</span> <span class='ocrx_word' id='word_1_131' title='bbox 401 1453 514 1489; x_wconf 88' lang='lat' dir='ltr'>Hunc</span> <span class='ocrx_word' id='word_1_132' title='bbox 534 1453 657 1488; x_wconf 86' lang='lat' dir='ltr'>virum</span> <span class='ocrx_word' id='word_1_133' title='bbox 684 1453 732 1488; x_wconf 87' lang='lat' dir='ltr'>ad</span> <span class='ocrx_word' id='word_1_134' title='bbox 759 1466 946 1489; x_wconf 86' lang='lat' dir='ltr'>summum</span> <span class='ocrx_word' id='word_1_135' title='bbox 965 1453 1113 1489; x_wconf 85' lang='lat' dir='ltr'>culmen</span> <span class='ocrx_word' id='word_1_136' title='bbox 1132 1454 1279 1491; x_wconf 85' lang='lat' dir='ltr'>aedium</span> 
     </span>
     <span class='ocr_line' id='line_1_20' title="bbox 59 1515 1279 1564; baseline 0 -11"><span class='ocrx_word' id='word_1_137' title='bbox 59 1517 351 1564; x_wconf 84' lang='lat' dir='ltr'>propinquarum</span> <span class='ocrx_word' id='word_1_138' title='bbox 366 1516 535 1551; x_wconf 77' lang='lat' dir='ltr'>feramus.</span> <span class='ocrx_word' id='word_1_139' title='bbox 586 1515 682 1550; x_wconf 88' lang='lat' dir='ltr'>Inde</span> <span class='ocrx_word' id='word_1_140' title='bbox 697 1528 829 1562; x_wconf 84' lang='lat' dir='ltr'>corpus</span> <span class='ocrx_word' id='word_1_141' title='bbox 846 1516 886 1550; x_wconf 89' lang='lat' dir='ltr'>in</span> <span class='ocrx_word' id='word_1_142' title='bbox 902 1516 1114 1551; x_wconf 88' lang='lat' dir='ltr'>interiorem</span> <span class='ocrx_word' id='word_1_143' title='bbox 1127 1516 1279 1553; x_wconf 85' lang='lat' dir='ltr'>domum</span> 
     </span>
     <span class='ocr_line' id='line_1_21' title="bbox 59 1574 1277 1622; baseline 0.001 -11"><span class='ocrx_word' id='word_1_144' title='bbox 59 1576 166 1611; x_wconf 81' lang='lat' dir='ltr'>facile</span> <span class='ocrx_word' id='word_1_145' title='bbox 180 1575 376 1611; x_wconf 82' lang='lat' dir='ltr'>demittere</span> <span class='ocrx_word' id='word_1_146' title='bbox 395 1574 631 1622; x_wconf 85' lang='lat' dir='ltr'>poterimus.&#39;’</span> <span class='ocrx_word' id='word_1_147' title='bbox 688 1574 859 1609; x_wconf 84' lang='lat' dir='ltr'>Medicus</span> <span class='ocrx_word' id='word_1_148' title='bbox 878 1574 917 1609; x_wconf 85' lang='lat' dir='ltr'>id</span> <span class='ocrx_word' id='word_1_149' title='bbox 937 1574 1037 1621; x_wconf 87' lang='lat' dir='ltr'>quod</span> <span class='ocrx_word' id='word_1_150' title='bbox 1056 1575 1277 1622; x_wconf 86' lang='lat' dir='ltr'>imperatum</span> 
     </span>
     <span class='ocr_line' id='line_1_22' title="bbox 59 1634 1277 1682; baseline 0.001 -11"><span class='ocrx_word' id='word_1_151' title='bbox 59 1639 115 1671; x_wconf 86' lang='lat' dir='ltr'>est</span> <span class='ocrx_word' id='word_1_152' title='bbox 133 1635 232 1680; x_wconf 87' lang='lat' dir='ltr'>facit,</span> <span class='ocrx_word' id='word_1_153' title='bbox 254 1647 472 1682; x_wconf 85' lang='lat' dir='ltr'>corpus-que</span> <span class='ocrx_word' id='word_1_154' title='bbox 501 1634 648 1678; x_wconf 89' lang='lat' dir='ltr'>mortui,</span> <span class='ocrx_word' id='word_1_155' title='bbox 671 1638 713 1669; x_wconf 85' lang='lat' dir='ltr'>ut</span> <span class='ocrx_word' id='word_1_156' title='bbox 741 1634 1009 1681; x_wconf 85' lang='lat' dir='ltr'>praescriptum</span> <span class='ocrx_word' id='word_1_157' title='bbox 1035 1638 1101 1679; x_wconf 88' lang='lat' dir='ltr'>est,</span> <span class='ocrx_word' id='word_1_158' title='bbox 1123 1635 1277 1672; x_wconf 86' lang='lat' dir='ltr'>funibus</span> 
     </span>
     <span class='ocr_line' id='line_1_23' title="bbox 59 1694 1274 1740; baseline 0.001 -9"><span class='ocrx_word' id='word_1_159' title='bbox 59 1696 155 1732; x_wconf 84' lang='lat' dir='ltr'>clam</span> <span class='ocrx_word' id='word_1_160' title='bbox 173 1694 347 1731; x_wconf 82' lang='lat' dir='ltr'>demittit.</span> <span class='ocrx_word' id='word_1_161' title='bbox 404 1694 458 1729; x_wconf 90' lang='lat' dir='ltr'>At</span> <span class='ocrx_word' id='word_1_162' title='bbox 485 1697 674 1738; x_wconf 84' lang='lat' dir='ltr'>mercator,</span> <span class='ocrx_word' id='word_1_163' title='bbox 697 1694 761 1740; x_wconf 86' lang='lat' dir='ltr'>qui</span> <span class='ocrx_word' id='word_1_164' title='bbox 790 1706 869 1729; x_wconf 84' lang='lat' dir='ltr'>eam</span> <span class='ocrx_word' id='word_1_165' title='bbox 898 1694 1050 1730; x_wconf 87' lang='lat' dir='ltr'>domum</span> <span class='ocrx_word' id='word_1_166' title='bbox 1078 1695 1274 1740; x_wconf 78' lang='lat' dir='ltr'>incolebat,</span> 
     </span>
     <span class='ocr_line' id='line_1_24' title="bbox 58 1753 1277 1803; baseline 0 -11"><span class='ocrx_word' id='word_1_167' title='bbox 58 1755 125 1792; x_wconf 87' lang='lat' dir='ltr'>ubi</span> <span class='ocrx_word' id='word_1_168' title='bbox 143 1755 305 1803; x_wconf 88' lang='lat' dir='ltr'>primum</span> <span class='ocrx_word' id='word_1_169' title='bbox 325 1766 405 1789; x_wconf 87' lang='lat' dir='ltr'>eam</span> <span class='ocrx_word' id='word_1_170' title='bbox 424 1757 566 1801; x_wconf 89' lang='lat' dir='ltr'>partem</span> <span class='ocrx_word' id='word_1_171' title='bbox 585 1753 733 1789; x_wconf 86' lang='lat' dir='ltr'>aedium</span> <span class='ocrx_word' id='word_1_172' title='bbox 755 1753 923 1798; x_wconf 87' lang='lat' dir='ltr'>intravit,</span> <span class='ocrx_word' id='word_1_173' title='bbox 945 1766 1056 1801; x_wconf 83' lang='lat' dir='ltr'>quam</span> <span class='ocrx_word' id='word_1_174' title='bbox 1076 1755 1116 1790; x_wconf 92' lang='lat' dir='ltr'>in</span> <span class='ocrx_word' id='word_1_175' title='bbox 1135 1759 1277 1802; x_wconf 83' lang='lat' dir='ltr'>partem</span> 
     </span>
     <span class='ocr_line' id='line_1_25' title="bbox 59 1813 1277 1863; baseline 0.002 -12"><span class='ocrx_word' id='word_1_176' title='bbox 59 1827 191 1863; x_wconf 90' lang='lat' dir='ltr'>corpus</span> <span class='ocrx_word' id='word_1_177' title='bbox 219 1814 419 1850; x_wconf 83' lang='lat' dir='ltr'>demissum</span> <span class='ocrx_word' id='word_1_178' title='bbox 448 1816 537 1858; x_wconf 88' lang='lat' dir='ltr'>erat,</span> <span class='ocrx_word' id='word_1_179' title='bbox 564 1813 758 1849; x_wconf 86' lang='lat' dir='ltr'>tibicinem</span> <span class='ocrx_word' id='word_1_180' title='bbox 785 1825 850 1861; x_wconf 89' lang='lat' dir='ltr'>pro</span> <span class='ocrx_word' id='word_1_181' title='bbox 878 1813 958 1849; x_wconf 87' lang='lat' dir='ltr'>fure</span> <span class='ocrx_word' id='word_1_182' title='bbox 985 1826 1118 1861; x_wconf 82' lang='lat' dir='ltr'>magno</span> <span class='ocrx_word' id='word_1_183' title='bbox 1146 1815 1277 1853; x_wconf 87' lang='lat' dir='ltr'>baculo</span> 
     </span>
     <span class='ocr_line' id='line_1_26' title="bbox 59 1873 1277 1923; baseline 0 -11"><span class='ocrx_word' id='word_1_184' title='bbox 59 1875 249 1923; x_wconf 82' lang='lat' dir='ltr'>percussit,</span> <span class='ocrx_word' id='word_1_185' title='bbox 284 1885 501 1920; x_wconf 83' lang='lat' dir='ltr'>corpus-que</span> <span class='ocrx_word' id='word_1_186' title='bbox 532 1873 572 1908; x_wconf 90' lang='lat' dir='ltr'>vi</span> <span class='ocrx_word' id='word_1_187' title='bbox 605 1873 700 1909; x_wconf 74' lang='lat' dir='ltr'>ictus</span> <span class='ocrx_word' id='word_1_188' title='bbox 734 1873 781 1909; x_wconf 83' lang='lat' dir='ltr'>ad</span> <span class='ocrx_word' id='word_1_189' title='bbox 813 1876 947 1909; x_wconf 87' lang='lat' dir='ltr'>terram</span> <span class='ocrx_word' id='word_1_190' title='bbox 980 1874 1126 1921; x_wconf 80' lang='lat' dir='ltr'>dejecit.</span> <span class='ocrx_word' id='word_1_191' title='bbox 1182 1876 1277 1913; x_wconf 85' lang='lat' dir='ltr'>Inde</span> 
     </span>
     <span class='ocr_line' id='line_1_27' title="bbox 60 1931 1277 1982; baseline 0.002 -12"><span class='ocrx_word' id='word_1_192' title='bbox 60 1934 284 1982; x_wconf 83' lang='lat' dir='ltr'>perterritus,</span> <span class='ocrx_word' id='word_1_193' title='bbox 324 1945 370 1968; x_wconf 90' lang='lat' dir='ltr'>ne</span> <span class='ocrx_word' id='word_1_194' title='bbox 406 1933 485 1979; x_wconf 85' lang='lat' dir='ltr'>ipse</span> <span class='ocrx_word' id='word_1_195' title='bbox 522 1931 568 1967; x_wconf 83' lang='lat' dir='ltr'>de</span> <span class='ocrx_word' id='word_1_196' title='bbox 605 1932 713 1968; x_wconf 86' lang='lat' dir='ltr'>caede</span> <span class='ocrx_word' id='word_1_197' title='bbox 755 1936 994 1977; x_wconf 84' lang='lat' dir='ltr'>accusaretur,</span> <span class='ocrx_word' id='word_1_198' title='bbox 1033 1933 1187 1970; x_wconf 87' lang='lat' dir='ltr'>cadaver</span> <span class='ocrx_word' id='word_1_199' title='bbox 1230 1937 1277 1972; x_wconf 87' lang='lat' dir='ltr'>ad</span> 
     </span>
     <span class='ocr_line' id='line_1_28' title="bbox 58 1991 1277 2042; baseline 0.002 -12"><span class='ocrx_word' id='word_1_200' title='bbox 58 1995 231 2030; x_wconf 85' lang='lat' dir='ltr'>humeros</span> <span class='ocrx_word' id='word_1_201' title='bbox 268 1993 468 2038; x_wconf 81' lang='lat' dir='ltr'>sublatum,</span> <span class='ocrx_word' id='word_1_202' title='bbox 507 1992 549 2027; x_wconf 92' lang='lat' dir='ltr'>in</span> <span class='ocrx_word' id='word_1_203' title='bbox 585 1992 684 2027; x_wconf 85' lang='lat' dir='ltr'>viam</span> <span class='ocrx_word' id='word_1_204' title='bbox 722 1991 866 2028; x_wconf 81' lang='lat' dir='ltr'>detulit.</span> <span class='ocrx_word' id='word_1_205' title='bbox 937 1993 1042 2039; x_wconf 89' lang='lat' dir='ltr'>Tum,</span> <span class='ocrx_word' id='word_1_206' title='bbox 1081 1998 1277 2042; x_wconf 86' lang='lat' dir='ltr'>postquam</span> 
     </span>
     <span class='ocr_line' id='line_1_29' title="bbox 59 2051 1277 2099; baseline 0.002 -9"><span class='ocrx_word' id='word_1_207' title='bbox 59 2054 258 2098; x_wconf 88' lang='lat' dir='ltr'>hominem,</span> <span class='ocrx_word' id='word_1_208' title='bbox 280 2056 458 2099; x_wconf 82' lang='lat' dir='ltr'>tanquam</span> <span class='ocrx_word' id='word_1_209' title='bbox 477 2052 618 2095; x_wconf 88' lang='lat' dir='ltr'>vivum,</span> <span class='ocrx_word' id='word_1_210' title='bbox 640 2051 686 2086; x_wconf 87' lang='lat' dir='ltr'>ad</span> <span class='ocrx_word' id='word_1_211' title='bbox 705 2063 852 2087; x_wconf 89' lang='lat' dir='ltr'>murum</span> <span class='ocrx_word' id='word_1_212' title='bbox 881 2052 1120 2099; x_wconf 86' lang='lat' dir='ltr'>applicuerat,</span> <span class='ocrx_word' id='word_1_213' title='bbox 1149 2066 1170 2090; x_wconf 91' lang='lat' dir='ltr'>a</span> <span class='ocrx_word' id='word_1_214' title='bbox 1198 2055 1277 2092; x_wconf 92' lang='lat' dir='ltr'>loco</span> 
     </span>
     <span class='ocr_line' id='line_1_30' title="bbox 60 2111 596 2161; baseline -0.002 -12"><span class='ocrx_word' id='word_1_215' title='bbox 60 2126 171 2161; x_wconf 86' lang='lat' dir='ltr'>quam</span> <span class='ocrx_word' id='word_1_216' title='bbox 190 2112 375 2148; x_wconf 86' lang='lat' dir='ltr'>celerrime</span> <span class='ocrx_word' id='word_1_217' title='bbox 395 2124 432 2147; x_wconf 86' lang='lat' dir='ltr'>se</span> <span class='ocrx_word' id='word_1_218' title='bbox 452 2111 596 2158; x_wconf 86' lang='lat' dir='ltr'>recepit.</span> 
     </span>
    </p>
   </div>
  </div>
 </body>
</html>
