1401 2369
138 110 160 148 7
164 112 186 147 4
567 111 918 154 Translations.

445 271 529 310 109.
562 260 636 298 An
657 261 1044 312 qufiartz'alsndge.

189 346 274 382 Duo
292 346 381 382 olim
396 347 565 391 viatores,
582 347 672 382 dum
691 346 792 382 haud
811 347 939 394 procul
958 347 1059 383 Baiis
1077 347 1147 384 iter
1164 360 1230 396 per
1248 360 1347 384 oram

137 405 359 441 maritimam
396 405 550 449 faciunt,
588 405 827 452 conchylium
867 406 1010 452 ingens,
1047 407 1147 453 quod
1183 407 1223 442 in
1258 419 1348 454 rupe

137 464 296 511 quadam
323 464 507 508 haerebat,
536 468 820 511 conspexerunt.
883 464 993 510 Quod
1019 465 1085 500 ubi
1111 470 1348 513 conspectum

138 526 202 568 est,
223 526 377 570 uterque
396 536 530 568 eorum,
549 526 726 570 tanquam
745 523 929 559 divinitus
948 523 1124 569 oblatum,
1145 524 1250 560 edere
1268 525 1347 571 ipse

136 583 267 619 voluit.
323 583 470 619 Deinde
499 583 600 627 alter,
634 583 700 630 qui
731 584 873 630 primus
905 584 952 619 ad
982 583 1105 619 locum
1137 584 1346 629 advenerat,

136 642 245 678 avide
277 642 513 689 conchylium
549 653 571 676 a
606 654 697 689 rupe
733 642 875 686 avellit,
907 642 1000 677 alter
1035 646 1159 678 autem
1190 644 1348 679 amicum

135 701 296 747 graviter
330 701 524 748 increpuit.
584 701 700 748 “Ego
738 701 870 746 enim,”
908 701 1044 748 inquit,
1085 702 1190 737 “etsi
1237 702 1348 749 paulo

136 762 275 798 tardior
300 762 445 807 adveni,
476 763 574 810 prior
600 766 725 798 tamen
753 763 792 798 id
812 763 925 799 vidi.’'
979 763 1082 799 Dum
1109 764 1162 799 ita
1188 764 1285 800 inter
1310 776 1349 800 se

136 822 315 867 rixantur,
332 822 489 857 occurrit
504 822 655 869 quidam
673 823 824 858 nomine
842 823 990 869 utrique
1009 827 1128 860 notus.
1186 823 1247 858 Ad
1265 835 1349 858 eum

136 882 245 917 ambo
264 893 340 916 rem
360 882 572 928 rejecerunt.
631 882 704 917 Hic
723 885 847 917 autem
867 885 982 917 totam
1006 894 1150 918 causam
1169 882 1350 929 patienter

137 942 305 986 audivit3
339 941 482 985 deinde,
512 946 709 988 postquam
737 942 858 977 fronte
886 942 1086 988 tranquilla
1113 942 1349 989 conchylium

137 1000 369 1048 patefecerat,
387 1001 577 1036 devoravit
592 1002 680 1047 ipse.
730 1000 826 1036 Inde
841 1001 887 1036 ad
902 1001 1037 1037 amicos
1051 1013 1186 1046 versus,
1203 1002 1350 1049 utrique

137 1061 288 1096 alteram
322 1060 498 1095 concham
530 1060 685 1095 tradidit
715 1060 775 1095 his
807 1061 939 1105 verbis,
974 1060 1120 1096 “Nihil
1146 1061 1350 1107 jucundius

138 1131 303 1166 unquam
321 1119 381 1155 edi
394 1132 405 1164 3
432 1132 516 1155 cum
534 1119 632 1155 bona
650 1131 738 1166 pace
756 1119 887 1155 abite.''

464 1234 478 1261 1
493 1233 548 1262 10.
580 1223 834 1262 lnattentz'on
857 1222 1038 1262 rebuked.

199 1300 466 1335 Demosthenes
493 1299 555 1334 ille
575 1302 694 1334 orator
713 1299 935 1334 clarissimus
962 1299 1060 1345 quod
1089 1299 1294 1347 respublica
1311 1301 1351 1336 in

141 1370 327 1395 summum
364 1358 560 1393 discrimen
597 1357 757 1392 adducta
794 1360 850 1392 est
894 1369 958 1404 per
994 1358 1146 1392 consilia
1182 1358 1352 1405 Philippi

143 1418 390 1453 Macedonum
409 1417 513 1464 regis,
536 1417 784 1452 Athenienses
803 1417 848 1451 de
867 1417 1039 1463 periculo,
1061 1417 1160 1463 quod
1187 1417 1353 1454 immine-

134 1476 210 1521 bat,
241 1488 349 1523 saepe
376 1476 561 1512 monebat.
619 1476 822 1522 Postquam
851 1474 993 1510 diutius
1026 1487 1126 1510 more
1159 1486 1225 1510 suo
1259 1475 1355 1510 cives

134 1536 305 1571 hortatus
326 1540 391 1580 est,
418 1536 574 1571 miratus
603 1535 703 1582 quod
731 1534 852 1570 surdis
880 1534 1031 1570 auribus
1051 1534 1164 1570 verba
1182 1534 1352 1579 faciebat,

136 1596 259 1631 subito
280 1608 407 1631 vocem
435 1595 605 1631 mutavit.
666 1595 809 1632 “Ceres
838 1594 960 1638 olim‚''
977 1594 1114 1641 inquit,
1140 1595 1253 1629 “una
1271 1607 1354 1630 cum
1400 1604 1401 1618 ¹

136 1655 335 1691 hirundine
364 1661 400 1691 et
420 1668 539 1702 angue
566 1653 710 1690 itineris
737 1654 935 1690 comitibus
964 1655 1139 1701 profecta,
1162 1654 1210 1689 ad
1236 1654 1355 1689 altum

137 1714 306 1763 pervenit
337 1715 485 1760 fiumen,
520 1715 620 1761 quod
657 1715 820 1750 tranavit
853 1714 995 1762 anguis,
1030 1714 1192 1749 hirundo
1228 1717 1354 1749 autem

140 1776 274 1826 pennis
300 1774 578 1811 transvolavit.''
646 1773 719 1808 Hic
746 1772 813 1808 ubi
841 1775 960 1808 orator
992 1772 1116 1808 subito
1147 1784 1351 1808 sermonem

139 1838 349 1885 interrupit,
372 1836 454 1872 “At
473 1836 582 1872 Ceres
601 1835 681 1882 ipsa
700 1834 885 1881 quomodo
905 1835 1057 1881 trajecta
1076 1834 1185 1869 est2’⁷
1205 1846 1352 1881 excepe-

140 1904 228 1938 runt
259 1900 366 1936 cives.
442 1899 537 1933 Tum
568 1897 632 1932 ille
660 1896 768 1932 vultu
796 1908 933 1940 severo,
966 1895 1213 1942 “Num-quid
1247 1896 1353 1931 vobis

140 1963 292 2000 stultius
334 1973 411 1996 esse
451 1963 584 2006 potest,
623 1958 883 2002 Athenienses,
923 1957 988 2004 qui
1029 1958 1081 1993 ita
1117 1957 1353 1993 delectamini

140 2022 287 2066 fabulis,
322 2020 458 2068 quibus
494 2018 750 2054 auctoritatem
787 2017 938 2064 quidem
975 2016 1117 2053 nullam
1153 2017 1353 2063 adjungere

140 2082 328 2124 debemus,
350 2079 569 2125 Philippum
587 2080 722 2121 tamen,
744 2077 811 2122 qui
829 2076 988 2113 exitium
1006 2075 1152 2112 civitati
1178 2076 1350 2120 minatur,

141 2140 253 2176 nihili
271 2138 440 2174 habetis?
460 2136 478 2153 ''
