1401 2369
476 105 825 147 Translations.
1211 110 1257 144 45

44 224 91 260 ab
118 225 234 261 oculis
261 227 426 262 omnium
459 227 630 263 abditum
658 231 722 264 est.
779 228 832 264 At
859 232 996 272 tonsor,
1027 229 1084 263 vir
1112 229 1257 275 loquax,

43 285 118 331 qui,
139 285 229 321 dum
257 290 382 322 manet
409 287 449 322 in
477 287 578 331 urbe,
608 300 685 323 rem
713 287 778 323 vix
805 287 959 332 celabat,
990 300 1051 323 rus
1080 288 1258 332 discessit,

0 375 6 382 .
44 345 224 393 regis-que
244 346 432 382 fortunam
451 347 642 382 arboribus
669 348 844 383 narravit.
903 347 983 383 Hae
1003 351 1126 383 autem
1146 360 1262 383 coma-

45 416 127 441 rum
153 419 315 449 susurru,
337 407 437 453 quod
456 409 568 442 vento
587 407 679 442 rami
697 407 826 454 agitati
845 411 944 452 sunt,
966 407 1025 442 his
1044 407 1167 443 verbis
1186 419 1261 443 rem

45 465 258 512 vulgabant,
283 465 415 502 “Sunt
433 465 560 501 Midae
579 478 683 501 aures
702 465 829 502 asini.''

433 610 496 657 65.
526 609 564 646 A
594 609 737 659 Scape-
747 608 861 648 Goat.

97 695 242 743 Vulpes
273 695 412 738 sitiens,
448 707 540 741 quae
572 694 770 731 desiluerat
802 696 843 731 in
879 699 1045 743 puteum,
1079 695 1181 732 haud
1211 698 1263 732 ita

45 754 173 800 altum,
191 755 254 790 sed
268 755 445 790 lateribus
460 754 677 801 praeruptis,
694 758 905 802 post-quam
920 768 1068 791 omnem
1083 757 1264 792 rationem

45 815 153 862 fugae
171 815 307 850 frustra
325 817 542 859 tentaverat,
560 814 606 849 ab
626 815 727 849 omni
742 826 806 861 spe
820 815 963 851 reditfis
982 816 1182 851 interclusa
1197 820 1260 852 est.

45 874 140 910 Mox
166 878 290 910 tamen
317 886 433 921 caper,
455 874 519 920 qui
547 886 682 921 aquam
710 874 869 921 petebat,
892 875 992 922 quod
1018 875 1155 911 fervidi
1176 876 1263 912 solis

45 935 139 970 radii
153 947 256 982 agros
270 934 437 978 urebant,
452 934 499 969 ad
515 934 674 969 eundem
690 938 845 981 puteum
860 935 1021 971 advenit.
1083 938 1104 954 ‘⁶
1118 935 1264 980 Salve,''

46 994 180 1040 inquit,
196 992 449 1037 “dulcissima,
463 1005 589 1028 nonne
601 1005 696 1040 aqua
708 993 780 1028 ista
792 993 927 1041 frigida
939 998 995 1030 est
1008 997 1045 1029 et
1051 995 1067 1041 j
1073 995 1238 1030 ucunda?
1247 997 1262 1010 '¹

47 1054 69 1072 ‘⁶
81 1052 133 1089 At
181 1064 373 1099 nunquam
412 1052 675 1099 jucundiorem
720 1052 835 1097 bibi‚''
880 1053 1073 1101 respondit
1119 1054 1262 1101 vulpes,

47 1112 190 1148 “desili
218 1112 333 1159 igitur
364 1124 476 1160 quam
509 1111 708 1156 celerrime,
739 1125 804 1159 ego
837 1113 937 1149 enim
965 1114 1125 1161 jam-diu
1157 1127 1264 1161 parco

44 1185 170 1219 aquae,
187 1172 288 1219 quod
307 1175 343 1208 te
358 1172 546 1220 expect0.⁷'
601 1172 684 1207 Hoc
699 1172 765 1208 ubi
784 1173 929 1209 audivit
943 1173 1101 1209 stultum
1116 1174 1263 1218 animal,

45 1235 87 1270 in
113 1239 268 1282 puteum
296 1234 458 1271 desiluit.
514 1234 567 1270 At
595 1234 727 1282 vulpes
756 1235 889 1270 callida
920 1235 961 1271 in
994 1247 1130 1272 cornua
1157 1237 1266 1272 amici

45 1298 229 1345 prosiluit,
250 1310 407 1344 quorum
427 1299 537 1344 opera
555 1309 632 1332 sese
651 1297 697 1332 ad
718 1300 852 1332 terram
879 1297 1101 1335 sublevavit.
1159 1298 1263 1341 Inde,

47 1358 170 1393 miseri
188 1357 297 1393 amici
315 1357 508 1393 immemor
526 1356 678 1392 domum
698 1356 874 1393 discessit.

472 1506 537 1544 66.
567 1505 843 1556 Ingralilnde.

100 1599 216 1647 Apud
248 1602 420 1647 antiquos
452 1599 648 1647 scriptores
682 1600 800 1636 multa
836 1600 993 1648 legimus
1030 1600 1076 1637 de
1108 1601 1269 1648 quodam

49 1660 184 1707 equite,
218 1659 283 1706 qui
314 1659 536 1707 Philippum
570 1659 631 1708 (de
663 1672 737 1707 quo
770 1672 880 1707 supra
917 1660 1268 1708 demonstravimus)

48 1718 335 1755 mansuetudine
380 1719 633 1766 exsuperabat.
700 1719 801 1755 Huic
837 1720 949 1764 enim,
989 1720 1078 1756 dum
1124 1721 1270 1756 saucius

0 1804 1 1829 ἦ
49 1779 156 1815 humi
170 1779 282 1826 jacet,
303 1790 435 1825 aquam
456 1779 575 1815 multo
595 1779 721 1815 labore
749 1782 1007 1827 apportaverat
1026 1780 1174 1815 amicus.
1234 1781 1272 1816 Is

51 1842 174 1874 autem
206 1838 345 1885 insigni
378 1838 605 1874 abstinentia
641 1851 775 1886 aquam
807 1839 875 1874 uni
908 1851 955 1874 ex
990 1838 1173 1884 hostibus,
1208 1840 1273 1886 qui

46 1899 159 1946 juxta
172 1898 332 1945 jacebat,
349 1898 530 1945 integram
551 1899 731 1945 praebuit.
780 1898 834 1934 At
852 1898 1015 1946 perfidus
1033 1898 1163 1942 hostis,
1184 1899 1273 1934 dum

51 1959 192 1995 donum
220 1959 365 2006 accipit,
396 1958 514 1994 cultro
543 1971 706 2004 manum,
728 1971 821 2006 quae
848 1959 1025 2006 poculum
1053 1959 1271 2006 porrigebat,

52 2019 273 2056 vulneravit.
333 2018 428 2054 Tum
463 2031 574 2065 eques
601 2019 746 2066 ingrato
774 2018 847 2055 viri
874 2018 998 2054 animo
1026 2018 1152 2062 iratus,
1180 2022 1273 2066 post-

7 2116 8 2119 ,
53 2092 165 2127 quam
193 2092 278 2116 eum
310 2079 454 2115 modice
486 2079 710 2127 culpaverat,
740 2082 882 2126 partem
915 2090 1030 2124 aquae
1059 2079 1137 2124 ipse
1165 2077 1272 2128 bibit,

9 2162 10 2165 =
54 2144 196 2187 partem
216 2144 341 2176 tamen
361 2140 461 2175 hosti
480 2139 614 2176 iterum
634 2139 745 2175 dedit.
