1401 2369
473 87 826 130 Translations.
1210 83 1259 120 89

283 265 469 303 PIECES
498 265 603 302 FOR
630 262 1015 301 TRANSLATION.

346 361 360 389 1
371 359 391 399 3
402 361 432 390 Ι,
469 348 554 389 lee
571 348 776 398 Donkey’s
795 348 964 387 Advz'ce.

95 436 268 483 Agricola
304 436 468 483 quidam,
497 436 648 472 nomine
677 435 780 479 Cato,
810 446 1016 471 sermonem
1045 433 1263 470 animalium

43 495 242 532 intellexit.
300 495 375 532 Hic
394 495 483 532 olim
501 495 646 541 bovem,
666 495 731 541 qui
750 494 936 530 fortunam
955 494 1149 530 adversam
1163 492 1264 540 apud

44 555 190 591 asinum
210 555 442 603 querebatur,
463 555 618 591 audivit.
670 557 692 573 ‘⁵
706 553 897 600 Utinam,''
912 553 1036 600 inquit
1050 552 1128 598 bos,
1148 554 1170 571 “
1184 563 1265 588 mea

44 617 194 653 fortuna
221 623 307 654 tuae
339 617 471 654 similis
501 620 604 653 esset.
662 616 714 652 Te
746 616 914 663 quotidie
941 618 1067 651 noster
1092 614 1265 662 magister

0 672 7 676 ’
45 676 243 724 diligenter
257 679 371 722 curat,
387 677 459 712 tibi
474 676 732 712 dulcissimum
744 676 870 711 cibum
889 678 993 722 parat
1007 688 1018 721 3
1045 686 1111 722 ego
1126 677 1264 717 tamen,

44 736 111 783 qui
137 736 274 772 arando
294 739 416 772 totum
435 736 535 772 diem
563 748 750 780 consumo,
780 735 945 782 gramine
971 746 1098 770 vescor
1124 733 1264 770 tenui.⁷’

45 795 118 832 Cui
136 796 274 840 asinus,
297 796 391 831 “Tu
408 799 544 841 tamen,
566 808 587 832 o
607 796 838 839 stultissime,
859 795 990 830 merito
1008 794 1098 830 haec
1117 793 1264 841 pateris,

45 855 145 902 quod
173 856 257 903 jugi
288 855 448 891 nimium
480 856 626 902 patiens
656 868 703 891 es.
763 855 839 892 Cur
870 867 946 890 non
978 854 1152 901 magistro
1185 853 1267 889 istis

44 915 220 951 cornibus
242 918 400 951 mortem
427 915 603 950 minaris?
657 915 734 952 Cur
759 927 836 950 non
863 918 1028 961 mugitus
1055 913 1268 949 horrisonos

44 974 149 1010 edis?
225 974 308 1010 Hoc
346 974 500 1010 consilio
536 987 626 1010 usus
663 975 851 1010 fortunam
889 974 1078 1009 meliorem
1123 973 1263 1010 reddes.

0 1058 1 1065 η
45 1032 195 1081 Cibum,
216 1047 327 1082 quem
345 1034 418 1070 tibi
439 1034 551 1070 hodie
570 1034 668 1071 servi
695 1034 902 1078 attulerint,
924 1033 1030 1069 edere
1058 1033 1162 1079 noli3
1190 1046 1267 1069 cras

45 1097 182 1141 autem,
203 1107 250 1130 ne
277 1097 314 1129 te
342 1097 461 1130 aratro
484 1095 659 1141 jungant,
681 1094 782 1130 omni
802 1094 841 1130 vi
860 1094 1058 1141 repugna.’'
1113 1093 1187 1130 Bos
1215 1094 1264 1139 id,

45 1154 147 1201 quod
191 1154 415 1202 imperatum
451 1157 517 1199 est,
556 1154 655 1190 facit.
729 1154 784 1190 At
820 1154 1002 1201 magister,
1042 1154 1108 1202 qui
1144 1155 1268 1190 omnia

45 1214 251 1260 audiverat,
271 1217 314 1250 ut
332 1213 479 1250 asinum
497 1226 563 1261 pro
583 1214 739 1250 consilio
766 1214 927 1261 puniret,
950 1226 1035 1249 eum
1062 1217 1181 1250 aratro
1202 1227 1267 1262 pro

45 1274 142 1310 bove
156 1274 266 1321 jungi
281 1273 406 1321 jussit.

206 1399 294 1439 132.
331 1388 415 1427 lee
434 1388 642 1439 Donkey‘s
661 1389 823 1428 Advz'ce
845 1388 1114 1441 (continued).

98 1475 266 1523 Vesperi,
282 1475 350 1511 ubi
364 1476 502 1521 asinus,
518 1475 644 1511 labore
659 1476 808 1512 insueto
823 1475 1000 1521 defessus,
1017 1476 1063 1512 ad
1078 1476 1268 1513 stabulum
1314 1467 1319 1470 ”

3 1578 6 1580 ,
47 1534 168 1579 rediit,
184 1547 205 1571 a
224 1535 359 1571 comite
373 1535 529 1571 summis
543 1535 719 1571 laudibus
734 1538 906 1582 acceptus
921 1539 985 1572 est.
1045 1535 1116 1572 Ille
1131 1540 1265 1582 autem,

48 1607 159 1642 quem
177 1594 310 1642 prioris
328 1595 475 1630 consilii
495 1596 573 1642 jam
592 1595 819 1642 poenitebat,
841 1595 1000 1630 amicum
1029 1583 1082 1631 ita
1109 1597 1264 1634 monuit.

51 1656 73 1674 “
89 1653 200 1699 Cave,
226 1655 280 1689 mi
307 1655 434 1700 amice,
463 1667 510 1690 ne
537 1654 641 1690 istud
669 1655 787 1690 otium
815 1654 887 1690 tibi
916 1655 999 1702 plus
1029 1667 1140 1702 quam
1165 1657 1270 1693 labor

0 1728 1 1735 ¹
48 1713 229 1762 pristinus
248 1717 386 1750 noceat.
446 1715 577 1761 Nuper
600 1714 711 1759 enim,
734 1714 824 1750 dum
853 1727 899 1750 ex
926 1715 1021 1762 agris
1048 1716 1168 1761 redeo,
1189 1729 1269 1753 nos-

49 1777 150 1808 trum
181 1773 310 1809 audivi
341 1773 569 1820 magistrum,
599 1773 666 1820 qui
698 1776 734 1809 te
762 1786 840 1809 cras
867 1775 1019 1810 mactari
1043 1776 1168 1822 jussit,
1196 1777 1270 1813 nisi

50 1845 158 1880 opere
175 1832 286 1868 solito
305 1832 413 1879 fungi
431 1832 555 1869 velles.
613 1832 651 1868 N
655 1835 673 1868 e
693 1836 729 1868 te
749 1833 827 1868 sine
847 1836 956 1869 caus-5,
982 1837 1087 1870 tanto
1106 1835 1270 1882 periculo

51 1892 264 1929 obtuleris.”
320 1892 466 1938 Quibus
492 1892 616 1928 verbis
649 1893 876 1940 perterritus,
906 1893 984 1940 bos,
1015 1895 1080 1941 qui
1109 1895 1271 1933 cultrum

50 1952 248 1988 sacerdotis
263 1953 344 2000 jam
362 1952 487 1988 animo
510 1953 723 1999 praesensit,
745 1953 880 1999 gratias
907 1955 1012 1990 asino
1030 1966 1097 2002 pro
1117 1956 1271 1993 consilio

51 2011 252 2048 utilissimo
284 2012 368 2060 egit.
425 2011 579 2048 Postero
615 2012 730 2059 igitur
762 2011 832 2056 die,
867 2012 935 2048 ubi
972 2014 1131 2060 agricola
1167 2028 1271 2064 agros

11 2084 12 2106 3
50 2071 186 2107 iterum
212 2083 313 2107 arare
340 2070 473 2116 voluit,
502 2071 569 2108 bos
590 2071 683 2119 jugo
711 2083 914 2118 repugnare
941 2084 1019 2108 non
1045 2085 1167 2120 ausus,
1192 2076 1270 2123 ipse

12 2142 13 2149 ¹
50 2141 160 2166 suum
181 2130 320 2166 collum
339 2134 459 2166 aratro
478 2130 658 2178 praebuit.
