1401 2369
142 131 190 168 54
573 132 923 174 Translations.

529 339 593 380 79.
631 329 715 368 The
732 329 966 381 Hedgelcog.

193 425 307 473 Apud
336 426 451 463 Indos
477 427 589 462 multi
612 430 700 462 sunt
727 430 925 474 serpentes,
948 428 1012 475 qui
1030 428 1128 464 inter
1155 440 1193 464 se
1220 427 1356 475 magni-

143 485 272 521 tudine
304 489 341 522 et
372 487 493 534 specie
525 486 631 534 longe
664 486 861 522 dissimiles
896 491 1008 533 sunt3
1035 487 1099 523 alii
1132 488 1231 524 enim
1262 491 1357 523 totas

144 545 255 581 boves
274 545 446 582 devorare
465 546 585 582 solent
598 560 608 592 3
636 546 712 591 alii,
734 547 798 593 qui
817 559 935 582 unum
957 547 1067 583 modo
1095 547 1227 595 pedem
1255 547 1357 594 longi

142 607 241 649 sunt,
274 605 412 641 vulnus
448 609 574 641 tamen
609 605 840 641 mortiferum
873 606 958 641 dare
995 610 1160 653 possunt.
1231 606 1357 642 Judex

142 664 304 710 quidam,
321 665 385 711 qui
403 665 444 700 in
462 665 538 701 illis
557 665 768 712 regionibus
784 665 988 710 habitabat,
1006 666 1095 701 dum
1114 678 1222 701 mane
1241 665 1357 702 soleas

141 723 276 768 induit,
297 723 410 759 altero
429 724 521 771 pede
548 724 623 760 levi
650 728 789 771 puncto
809 724 1037 761 vulneratur.
1093 725 1295 772 Extemplo
1313 725 1355 769 is,

141 782 252 818 homo
267 783 575 830 promptissimus,
592 784 684 831 pede
700 784 864 831 pulsavit
878 785 1045 832 humum,
1064 788 1101 821 et
1115 798 1182 821 suo
1197 785 1358 833 pondere

141 855 298 889 anguem
317 854 482 889 parvum,
505 843 570 890 qui
595 843 635 878 in
661 843 759 879 solea
786 843 954 889 latuerat,
977 846 1167 892 oppressit.
1225 845 1359 880 Paucis

142 905 225 949 post
252 901 384 938 diebus
411 915 538 938 servus
566 903 731 950 ejusdem
755 903 905 950 judicis,
936 904 1025 940 dum
1053 905 1192 940 calceos
1220 905 1356 948 induit,

141 965 323 1010 punctum
350 961 452 997 haud
479 962 532 998 ita
558 975 734 1009 magnum
761 963 840 1009 ipse
868 964 990 1001 sentit.
1060 964 1195 1000 Statim
1219 964 1359 1011 judicis

141 1022 230 1058 sacti
249 1034 399 1066 memor,
420 1034 531 1069 quam
553 1023 714 1058 maxima
732 1023 771 1058 vi
799 1022 839 1058 in
866 1025 1000 1059 terram
1028 1024 1160 1071 pedem
1188 1024 1354 1060 incussit.

141 1082 236 1117 Inde
256 1085 362 1117 acuto
382 1081 506 1117 dolore
525 1082 684 1118 furiosus
710 1082 847 1117 calceos
867 1083 982 1130 exuit,
1004 1083 1238 1131 invenit—que
1258 1083 1358 1119 haud

141 1145 348 1189 serpentem
369 1140 519 1188 quidem
539 1142 603 1177 scd
622 1141 804 1177 echinum.

514 1291 576 1330 80.
608 1291 713 1329 Bida
725 1304 835 1340 your
861 1291 985 1330 Time.

193 1387 287 1423 Fido
307 1399 442 1435 parvus
461 1387 572 1430 canis,
591 1386 656 1433 qui
676 1386 869 1421 dominum
888 1397 1000 1432 quani
1018 1385 1180 1420 maxime
1200 1384 1358 1428 amabat,

142 1448 242 1495 quod
261 1447 367 1482 nullo
395 1446 505 1482 modo
533 1458 694 1482 amorem
722 1449 905 1492 praestare
933 1447 1088 1492 poterat,
1118 1457 1225 1491 saepe
1253 1456 1360 1480 suum

142 1520 267 1544 casum
295 1506 454 1542 dolebat.
528 1505 693 1541 Tandem
726 1504 889 1549 Rolloni,
918 1517 1051 1551 magno
1080 1504 1173 1548 cani,
1203 1516 1280 1539 rem
1307 1504 1361 1539 ita

142 1567 333 1611 indicavit,
358 1569 378 1585 “
395 1566 429 1603 O
449 1566 635 1601 fortunate
663 1565 786 1601 canis!
816 1567 907 1611 quot
925 1564 1044 1600 modis
1063 1567 1190 1599 nostro
1209 1563 1360 1599 domino
1398 1610 1401 1623 Ι

142 1627 298 1675 prodes3
330 1629 371 1661 tu
405 1626 556 1661 domum
589 1625 776 1670 custodis3
813 1626 911 1660 fures
943 1636 963 1659 a
995 1624 1135 1668 limine,
1171 1623 1281 1670 lupos
1314 1623 1360 1658 ab
1400 1632 1401 1637 ¹

143 1687 233 1724 ovili
269 1699 390 1731 arces3
428 1699 494 1733 ego
531 1689 656 1722 autem
692 1685 790 1720 nihil
826 1685 944 1720 facere
982 1685 1166 1732 possum.''
1237 1683 1360 1727 “At,⁷'

142 1746 333 1794 respondit
365 1746 474 1782 Rollo
508 1746 665 1793 sapiens,
702 1745 779 1780 “in
811 1745 930 1780 officio
967 1757 1097 1790 mane3
1134 1744 1214 1779 sine
1246 1743 1360 1779 dubio

143 1806 370 1842 occasionem
389 1805 460 1840 tibi
480 1805 585 1840 dabit
604 1804 787 1840 fortuna.''
841 1804 974 1839 Paucis
1002 1806 1085 1850 post
1105 1803 1247 1847 diebus,
1269 1802 1359 1837 dum

144 1866 316 1901 dominus
352 1868 465 1901 noctu
501 1864 649 1909 dormit,
688 1864 794 1907 Fido,
835 1863 900 1910 qui
936 1862 1037 1898 haud
1081 1861 1211 1909 procul
1255 1861 1362 1897 humi

139 1925 297 1972 jacebat,
332 1924 477 1971 aspexit
508 1923 699 1967 latronem,
735 1923 800 1969 qui
833 1922 928 1958 clam
961 1921 1112 1957 domum
1144 1921 1357 1956 intraverat.

144 1983 321 2019 Protinus
361 1983 497 2018 latratu
535 1982 727 2018 dominum
765 1993 783 2016 e
821 1993 950 2017 somno
987 1979 1176 2025 excitavit,
1216 1982 1252 2015 et
1296 1980 1362 2014 sua

145 2042 338 2089 vigilantia
357 2055 442 2078 eum
461 2054 480 2077 e
499 2041 662 2090 periculo
683 2041 827 2088 eripuit.
