1401 2369
462 98 810 140 Translations.
1197 100 1244 136 33

23 225 207 262 tatoribus
239 224 309 260 hoc
346 224 456 260 modo
488 224 672 260 laudabat.
733 226 754 242 ‘⁵
770 224 809 259 N
812 225 942 267 onne,⁷⁷
975 224 1109 270 inquit,
1147 225 1245 259 “rex

23 297 166 332 magne,
188 287 226 320 et
243 296 342 320 mare
361 287 509 320 vastum
527 287 565 319 et
583 283 716 319 celeres
735 283 840 319 venti
862 286 927 319 tua
945 283 1120 318 mandata
1147 295 1246 330 pera-

22 344 171 392 gunt‘3”
226 343 309 379 Rex
328 343 426 379 nihil
447 343 649 390 respondit,
671 343 736 378 sed
763 346 909 390 postero
937 343 1007 389 die,
1025 343 1134 390 jussu
1153 343 1244 388 ejus,

22 405 120 441 servi
155 403 203 440 ad
239 403 330 439 litus
366 403 593 439 maritimum
630 403 765 439 solium
808 403 1009 439 deducunt.
1084 403 1132 439 In
1176 402 1246 438 hoc

23 467 286 501 assentatorem
304 463 412 507 locat,
434 467 470 499 et
488 463 568 510 ipse
586 463 628 498 in
646 475 737 510 rupe
760 466 834 498 stat
861 463 1078 510 propinqua.
1136 463 1246 498 Forte

23 527 145 561 aestus
168 536 214 560 ex
240 524 316 559 alto
335 536 373 559 se
391 523 580 559 incitabat.
637 523 733 558 Tum
760 535 835 568 rex,
860 523 1087 567 “Recurre,'⁷
1110 522 1245 569 inquit,

26 586 161 620 “mare
189 583 389 631 superbum
402 596 412 628 3
439 594 564 618 nonne
583 585 624 617 tu
644 594 747 618 meus
775 594 902 618 servus
921 583 982 618 es?
1032 582 1109 619 Cur
1135 582 1247 629 igitur

23 644 81 681 tui
108 644 244 680 fluctus
271 643 428 679 audaces
454 654 578 678 meum
607 642 741 678 solium
767 642 820 677 ita
837 642 1038 678 violant2’⁷
1092 642 1246 678 Fluctus

23 707 149 740 tamen
169 703 273 739 surdi
291 702 465 738 mandata
483 702 582 748 regia
600 713 677 737 non
696 702 908 748 audiebant,
925 702 990 737 sed
1009 714 1046 737 se
1065 702 1106 737 in
1124 702 1246 749 ipsum

23 764 160 800 solium
188 763 352 799 illidunt.
410 762 505 797 Tum
533 774 609 806 rex,
634 763 655 780 ‘⁴
668 761 706 797 N
709 762 893 797 emo-nisi
921 762 1023 798 Deus
1050 761 1246 810 imperium

24 824 135 859 maris
153 822 289 859 tenet.’'

280 970 344 1010 49.
376 958 498 998 Rollo
519 959 610 998 and
625 959 690 998 tlte
718 959 816 998 Two
841 958 988 999 Sticks.

76 1056 191 1104 Apud
224 1056 381 1093 Graecos
412 1056 607 1103 scriptores
639 1056 708 1092 hoc
742 1056 956 1092 invenimus
993 1056 1039 1092 de
1076 1056 1244 1103 Rollone,

25 1129 114 1153 cane
146 1116 394 1152 callidissimo.
452 1116 640 1162 Magister,
669 1115 759 1151 dum
786 1116 865 1163 ipse
898 1116 1076 1161 ambulat,
1106 1129 1248 1165 semper

25 1176 109 1213 cani
128 1176 254 1212 comiti
274 1176 476 1223 scipionem
496 1188 606 1211 suum
624 1180 794 1212 auratum
813 1176 1079 1212 committebat.
1136 1176 1247 1213 Hunc

24 1236 132 1272 Rollo
146 1236 304 1284 superbo
320 1248 381 1272 ore
396 1247 461 1283 per
475 1235 573 1271 vicos
592 1236 752 1283 gerebat.
801 1238 913 1273 Forte
927 1241 1052 1273 tamen
1078 1237 1249 1284 magister

23 1304 89 1339 pro
109 1292 274 1339 scipione
293 1295 419 1327 aurato
439 1291 613 1327 baculum
634 1293 748 1328 sumit
767 1293 945 1340 ligneum,
961 1295 1076 1331 altero
1091 1296 1245 1343 turpius.

24 1352 107 1387 Hoc
127 1363 227 1387 more
246 1362 312 1386 suo
332 1351 414 1386 cani
434 1351 643 1388 committit.
699 1352 754 1387 At
782 1353 904 1399 Rollo,
926 1358 1076 1402 propter
1102 1358 1250 1392 tantum

24 1411 183 1447 dedecus
198 1410 324 1455 iratus,
341 1410 407 1446 diu
421 1409 585 1446 laborem
603 1415 755 1447 recusat.
812 1412 979 1449 Tandem
997 1414 1064 1450 ubi
1078 1415 1250 1462 magister

23 1470 199 1507 baculum
230 1470 328 1506 inter
360 1469 488 1506 dentes
521 1470 687 1515 inseruit,
717 1472 818 1507 canis
846 1485 865 1508 e
893 1477 1094 1521 conspectu
1125 1475 1249 1511 subito

24 1530 148 1577 fsigit3
183 1530 290 1565 brevi
322 1533 447 1565 tamen
479 1530 525 1565 ad.
557 1530 775 1577 magistrum
807 1532 887 1567 sine
920 1532 1052 1568 baculo
1084 1535 1246 1571 recurrit.

25 1589 113 1625 Tres
144 1589 234 1625 inde
266 1601 409 1625 menses
445 1589 619 1636 magister
651 1590 787 1626 frustra
822 1591 998 1627 baculum
1030 1594 1249 1640 quaerebat3

26 1652 158 1696 quarto
179 1652 305 1684 tamen
323 1660 449 1684 mense
468 1648 559 1684 dum
577 1649 675 1685 servi
701 1650 831 1685 fimum
850 1663 896 1686 ex
915 1651 1071 1687 stabulis
1089 1653 1129 1688 in
1148 1666 1251 1700 agros

25 1710 292 1756 transportant,
313 1707 487 1744 baculum
507 1709 576 1744 sub
605 1707 748 1755 ingenti
767 1707 845 1742 fimi
865 1719 993 1743 acervo
1012 1707 1217 1744 inveniunt.

451 1873 510 1914 50.
542 1865 706 1905 Bmied
721 1866 838 1905 alive.

78 1961 138 1998 De
158 1961 287 1998 eodem
301 1961 462 1998 Rollone
481 1962 584 1998 aliud
603 1966 640 1999 et
658 1963 865 2000 mirabilius
884 1965 1107 2001 invenimus.
1155 1965 1256 2013 Mag-

26 2032 98 2056 nus
116 2022 269 2056 anatum
297 2033 386 2068 grex
405 2021 445 2056 in
464 2021 546 2057 lacu
571 2022 731 2058 finitimo
753 2023 916 2060 natabat.
973 2024 1118 2059 Harum
1146 2037 1256 2060 unam

8 2090 9 2104 ¹
26 2080 128 2117 canis
147 2081 241 2116 miro
261 2093 384 2117 amore
406 2081 567 2118 fovebat.
628 2081 746 2130 Saepe
767 2084 875 2130 jussu
894 2085 1060 2131 magistri
1078 2084 1173 2121 hanc
1192 2096 1257 2121 suo

9 2152 88 2177 zore
106 2140 219 2176 etiam
239 2140 286 2176 ab
306 2140 482 2177 ulteriore
512 2142 676 2189 margine
704 2142 805 2178 laesis
833 2143 880 2179 ad
908 2143 1020 2191 pedes
1044 2144 1125 2191 ejus
1142 2156 1258 2192 repor-

85 2207 263 2235 cummim]
628 2203 651 2233 C
