1401 2369
482 96 834 138 Translations.
1222 94 1269 130 97

346 313 432 354 145.
462 304 562 343 Two
583 300 787 352 Nauglcty
815 300 969 340 Tricks.

95 402 177 449 Qua
202 415 242 438 re
264 402 373 439 valde
396 402 601 438 delectatus
621 400 721 436 Nero
740 411 858 434 novae
877 397 1019 434 fraudis
1039 397 1268 434 occasionem

42 461 248 509 quaerebat.
307 462 401 497 Mox
416 465 540 497 autem
555 461 635 497 viro
651 471 767 505 caeco,
784 457 850 505 qui
865 457 931 493 vix
950 457 1083 493 baculo
1103 469 1269 505 gressum

41 521 234 568 dirigebat,
256 521 407 557 obviam
429 521 511 557 ivit.
568 519 641 557 Cui
660 518 770 565 Nero,
795 521 817 537 “
830 517 872 555 Si
890 517 983 563 vis,⁷'
1003 518 1138 565 inquit,
1163 520 1271 553 “me-

41 592 126 616 cum
148 580 218 616 hac
246 581 351 616 molli
383 581 469 617 sede
499 580 699 624 considere,
721 578 864 626 aliquid
897 577 971 613 cibi
1004 577 1076 613 tibi
1108 577 1271 613 libenter

41 640 172 676 dabo.''
228 641 374 687 Quibus
400 640 524 677 verbis
557 652 642 675 eum
661 639 708 675 ad
730 638 854 674 locum
886 637 961 673 udo
993 637 1080 672 fimo
1114 636 1270 684 plenum

41 700 163 746 duxit,
186 703 223 736 et
250 700 394 747 aliquid
421 699 510 745 fimi,
533 699 607 735 cibi
634 698 766 746 specie,
787 697 828 732 in
857 709 896 732 os
924 697 1082 732 inserere
1115 700 1269 732 conatus

41 763 106 795 est.
162 759 217 795 At
246 772 383 804 caecus,
405 759 471 806 qui
501 758 670 794 fraudem
700 760 872 801 senserat,
895 756 1056 804 digitum
1083 756 1189 804 pueri
1215 756 1269 791 ita

41 819 173 854 acriter
208 819 419 863 momordit,
453 821 497 854 ut
533 817 597 853 ille
634 817 764 852 multis
801 828 886 852 cum
923 815 1083 851 lacrimis
1119 816 1269 851 veniam

41 881 190 925 peteret.
247 879 306 914 Ne
334 877 402 913 hac
422 877 575 925 quidem
602 879 721 924 poena
740 876 830 911 satis
850 876 992 920 doctus,
1013 876 1137 911 virum
1156 888 1270 923 quen-

40 938 127 974 dam
146 938 260 974 altero
279 937 373 985 pede
388 937 562 973 claudum
582 948 772 984 aggressus
792 938 856 980 est,
875 939 922 980 et,
940 948 1057 982 quum
1075 936 1269 971 denarium

41 1001 255 1045 argenteum
285 1000 372 1032 ante
400 997 513 1044 pedes
544 996 769 1044 projecisset,
792 995 838 1030 de
866 997 962 1030 terra
989 994 1118 1030 tollere
1142 995 1265 1042 jussit.

39 1057 103 1102 At,
124 1057 215 1093 dum
242 1057 307 1093 ille
325 1057 457 1093 baculo
485 1056 605 1092 fultus
626 1056 796 1091 dextram
819 1055 867 1090 ad
887 1054 1081 1090 denarium
1099 1055 1264 1102 porrigit,

40 1117 102 1152 hic
131 1117 305 1153 baculum
333 1117 500 1165 arripuit,
521 1116 574 1152 ita
600 1120 645 1152 ut
671 1115 782 1151 illum
809 1115 856 1151 ad
875 1117 1009 1151 terram
1028 1115 1267 1163 praecipitem

42 1176 227 1223 dejiceret.

315 1323 402 1372 146.
433 1323 472 1362 A
502 1321 681 1374 Chapter
699 1323 754 1373 of
764 1322 998 1362 Accz‘dents.

93 1418 188 1455 Inde
207 1419 318 1465 Nero,
336 1420 396 1455 cui
411 1432 602 1455 successus
625 1419 794 1454 animum
812 1418 1016 1463 addiderat,
1033 1430 1153 1465 poma,
1175 1430 1269 1464 quae

42 1490 88 1514 ex
107 1478 234 1514 arbore
253 1479 462 1526 propinqua
481 1478 755 1526 dependebant,
777 1490 902 1525 rapere
931 1477 1136 1513 constituit.
1196 1477 1270 1523 Qui

42 1551 159 1585 quum
185 1538 226 1573 in
252 1539 418 1574 arborem
451 1539 686 1583 ascendisset,
717 1538 763 1574 ab
796 1538 955 1585 agricola
982 1538 1062 1574 viro
1092 1538 1270 1574 iracundo

42 1601 182 1645 captus,
202 1599 362 1645 graviter
380 1599 594 1635 verberatus
614 1602 680 1635 est.
739 1598 851 1634 Hunc
877 1603 1074 1646 postquam
1097 1598 1214 1634 tristis
1233 1602 1270 1634 et

43 1659 188 1694 saucius
226 1658 367 1705 effugit,
395 1659 441 1694 ab
478 1659 559 1706 ipso
598 1658 741 1703 claudo,
772 1659 837 1705 qui
866 1659 908 1694 in
938 1658 1081 1694 occulto
1117 1658 1267 1703 latebat,

43 1730 249 1765 oppressus,
265 1718 401 1754 iterum
420 1722 456 1754 et
476 1719 595 1754 acrius
615 1719 829 1755 verberatus
848 1722 913 1755 est.
969 1718 1006 1754 A
1025 1731 1098 1766 quo
1118 1718 1270 1754 tandem

42 1779 230 1822 liberatus,
246 1778 347 1825 quod
361 1778 550 1814 ambulare
567 1791 652 1826 prae
665 1779 790 1814 dolore
805 1791 881 1814 non
893 1782 1047 1825 poterat,
1062 1779 1103 1813 in
1118 1790 1267 1825 equum,

0 1831 1 1834 ¹
42 1838 107 1885 qui
126 1842 276 1885 propter
295 1839 394 1874 viam
421 1838 653 1885 pascebatur,
674 1838 849 1875 ascendit.
908 1838 981 1874 Hic
1000 1842 1126 1874 tamen
1146 1838 1212 1873 tali
1231 1851 1269 1874 re

40 1897 195 1932 minime
214 1897 418 1933 delectatus
440 1910 582 1933 currere
601 1898 746 1945 incipit,
765 1910 832 1933 nec
850 1901 936 1934 ante
956 1911 975 1933 e
995 1911 1103 1933 cursu
1123 1898 1270 1933 destitit

42 1969 155 2004 quam
173 1969 329 2004 puerum
349 1970 368 1993 e
387 1961 488 2004 tergo
513 1957 784 1994 deturbaverat.
842 1957 954 1993 Forte
982 1970 1024 1993 ea
1051 1958 1176 2005 puella
1196 1961 1269 2005 qua

41 2029 150 2052 mane
181 2020 257 2052 tam
289 2017 385 2053 male
418 2030 507 2053 usus
540 2021 617 2053 erat
647 2030 731 2053 eum
764 2017 871 2053 humi
894 2018 1082 2065 jacentem
1109 2018 1266 2054 invenit.

7 2101 9 2125 3
41 2076 144 2112 Haec
164 2077 315 2124 quidem
335 2078 493 2124 injuriae
524 2090 611 2113 suae
640 2078 833 2114 immemor
862 2090 948 2114 eum
977 2090 1060 2114 suas
1091 2078 1131 2114 in
1161 2078 1269 2114 aedes

8 2166 10 2187 ἦ
43 2136 154 2172 duxit
174 2140 210 2172 et
229 2137 385 2174 vulnera
406 2137 605 2185 diligenter
625 2138 777 2174 curavit.

96 2208 255 2228 camum.
640 2198 670 2227 G
