1401 2369
474 119 827 160 Translations.
1215 120 1262 156 57

41 241 283 277 celebrabant.
342 241 423 278 Ubi
457 254 503 277 ex
537 245 593 276 tot
625 241 809 276 divitibus
842 253 950 276 nemo
983 253 1108 287 preces
1136 240 1262 276 audire

40 301 169 346 voluit,
209 302 426 348 piscatorem
478 313 688 348 pauperem,
736 300 801 347 qui
849 300 1030 343 adstabat,
1079 299 1261 335 auxilium

41 364 267 408 rogaverunt.
329 361 449 405 “At,'⁷
482 360 674 408 respondit
706 360 780 404 1110,
812 362 903 395 “est
935 360 1029 395 mihi
1061 372 1128 395 nec
1157 360 1261 395 cibus

41 432 107 455 nec
126 423 319 467 argentum
338 420 450 467 domi,
472 420 573 467 quod
601 420 800 455 continuae
829 423 1067 466 tempestates
1095 420 1214 467 pisces
1241 432 1262 455 a

41 480 175 515 nostris
190 480 261 515 oris
276 480 501 526 jamdudum
516 480 720 527 depellunt.
779 479 820 515 Si
835 483 959 515 tamen
974 492 1118 514 mecum
1134 480 1261 515 venire

41 539 165 584 vultis,
187 539 283 575 hanc
311 543 458 576 noctem
485 540 555 576 sub
583 552 664 575 meo
693 543 789 575 tecto
809 539 1036 586 requiescere
1056 538 1260 586 poteritis.'’

41 599 135 635 Inde
162 600 333 644 advenas,
356 600 421 647 qui
450 600 538 635 laeti
565 599 789 635 beneficium
816 598 1017 645 accipiunt,
1040 598 1193 634 domum
1212 599 1260 634 ad

40 671 192 694 uxorem
220 659 331 695 ducit.
389 658 462 694 Illa
491 664 614 694 autem
644 662 794 702 maesta,
823 658 924 705 quod
952 657 1064 705 digno
1097 657 1260 705 hospitio

40 717 200 753 advenas
230 730 307 753 11011
334 721 457 765 potest
484 718 656 764 accipere,
678 717 819 752 loculos
847 729 993 762 vacuos,
1016 717 1164 764 inopiae
1192 718 1259 764 sig-

39 789 140 823 num,
172 778 345 813 ostendit.
416 777 549 813 Subito
582 777 629 812 ad
661 780 794 812 terram
828 776 1006 811 decidunt
1042 789 1138 812 asses
1171 777 1255 812 duo.

40 836 215 881 Piscator,
236 837 413 872 miraculo
432 837 625 881 attonitus,
647 836 777 871 vinum
807 836 1019 882 cibum-que
1050 837 1139 871 emit
1152 850 1162 881 3
1191 849 1257 872 nec

39 896 191 942 posthac
211 897 340 931 duram
361 900 617 943 paupertatem
637 896 788 941 ferebat,
807 907 999 943 nunquam
1016 895 1113 931 enim
1127 895 1258 931 loculis

39 955 202 991 de-erant
220 955 340 991 divini
359 968 465 993 asses.

395 1251 457 1289 82.
496 1250 581 1289 Tlce
603 1250 757 1289 Golden
778 1250 902 1302 Loaf

88 1381 234 1427 Lydon,
254 1380 411 1428 agricola
430 1393 571 1428 pauper
598 1382 663 1416 sed
681 1382 830 1428 probus,
852 1381 1053 1429 aliquando
1074 1394 1157 1418 cum
1177 1381 1252 1417 filio

35 1443 168 1478 edebat
204 1454 359 1489 parvum
397 1455 542 1489 panem,
578 1455 690 1489 quem
726 1443 842 1478 totius
875 1444 950 1479 diei
986 1443 1153 1479 mercede
1189 1443 1254 1478 vix

36 1506 180 1538 emerat.
237 1501 341 1537 Dum
369 1514 460 1549 puer
478 1502 653 1537 dentibus
678 1514 782 1538 suam
810 1508 951 1549 partem
979 1503 1086 1550 panis
1104 1503 1252 1550 frangit,

36 1562 242 1612 complures
275 1562 419 1597 nummi
455 1561 565 1608 aurei,
594 1562 661 1609 qui
696 1562 737 1597 in
774 1562 856 1597 cibo
894 1563 1032 1598 occulti
1068 1567 1182 1606 erant,
1214 1563 1255 1597 in

35 1622 216 1669 gremium
235 1621 315 1667 ejus
335 1621 561 1658 deciderunt.
619 1621 701 1657 Hoc
721 1622 786 1657 ubi
805 1622 908 1658 videt
926 1634 1027 1669 puer,
1048 1625 1069 1641 “
1082 1623 1254 1670 Accipe‚'¹

35 1682 161 1728 inquit
193 1680 288 1715 laeta
320 1693 419 1725 voce,
452 1684 599 1728 “pater,
633 1681 701 1717 hos
733 1694 915 1726 nummos,
945 1694 1037 1729 quos
1070 1682 1160 1718 deus
1193 1682 1255 1718 ali-

36 1741 121 1788 quis
165 1740 246 1785 tibi,
292 1741 521 1787 paupertatis
566 1741 780 1786 remedium,
828 1741 994 1778 tribuit.''
1060 1742 1256 1778 “Minime

37 1799 254 1845 carissime,'’
282 1800 474 1846 respondit
501 1804 615 1847 pater,
647 1801 878 1846 “pecuniam
906 1802 1031 1849 potius
1058 1802 1255 1838 reddemus

37 1860 178 1908 pistori,
212 1860 287 1907 qui,
323 1859 413 1894 (111111
441 1872 575 1907 panem
612 1861 748 1908 coquit,
783 1862 978 1908 pecuniam
1016 1874 1100 1896 cuin
1136 1862 1256 1898 farina

37 1921 249 1967 nescio-quo
277 1932 363 1955 casu
391 1919 572 1955 miscuit.”
629 1919 717 1956 Sine
746 1933 847 1956 mora
875 1922 983 1957 ambo
1009 1921 1055 1956 ad
1079 1921 1253 1968 pistorem

37 1983 236 2027 properant
263 1991 426 2026 rem-que
458 1983 617 2016 narrant.
680 1980 776 2015 Tum
814 1981 888 2025 ille,
926 1981 1085 2016 “Macte
1117 1982 1256 2018 virtute

37 2039 196 2087 Lydon3
236 2039 435 2082 fortunam,
474 2051 585 2085 quam
625 2039 720 2075 bene
762 2040 939 2085 meruisti,
983 2052 1114 2087 carpe,
1154 2042 1256 2078 hunc

39 2099 138 2136 enim
167 2110 311 2145 panem,
337 2098 446 2144 jussu
473 2098 579 2144 regis,
609 2098 652 2142 ei,
683 2110 794 2145 quem
821 2099 950 2135 inveni
978 2100 1252 2147 probissimum,

0 2155 1 2181 ³
39 2157 198 2193 libenter
217 2157 298 2193 d0.''
