1401 2369
469 113 819 154 Translations.
1211 114 1257 149 59

440 290 462 327 8
471 297 503 338 5.
540 287 623 326 The
642 287 859 328 Bearslem.

90 385 256 423 Venator
275 386 438 434 quidam,
461 385 521 421 cui
540 385 638 420 nihil
658 388 733 420 erat
752 385 905 432 argenti,
920 385 1086 433 Capuam
1105 385 1152 420 ad
1171 397 1262 419 mer-

39 449 197 482 catorem
228 446 309 484 ivit.
384 445 586 489 “Vis-ne,'’
618 445 754 492 inquit,
795 447 948 481 “emere
984 458 1089 481 ursae
1125 445 1261 492 pellem

39 505 430 554 praestantissimam.”
511 504 746 550 “Maxime‚’'
791 505 984 553 respondit
1032 506 1104 542 ille.
1190 504 1263 541 Cui

39 572 202 613 venator,
235 568 393 604 “Hodie
421 567 572 615 quidem
605 580 685 603 eam
716 567 788 603 tibi
823 568 949 603 afferre
986 580 1062 603 non
1098 580 1262 615 possum,

40 627 140 675 quod
161 628 330 663 nondum
357 640 480 663 ursam
507 627 687 672 interfeci,
707 630 746 663 at
764 627 891 674 paucis
910 627 1043 662 diebus
1062 640 1145 663 cum
1165 627 1264 675 pelle

39 687 201 723 redibo.⁷’
270 688 453 723 Mercator
479 690 616 732 tamen,
646 687 712 734 qui
744 699 938 734 nunquam
965 687 1078 723 silvas
1105 687 1261 730 viderat,

41 760 116 784 non
147 748 258 783 modo
291 747 325 783 ei
352 747 516 783 multum
543 747 686 794 argenti
713 747 828 791 dedit,
849 747 914 782 sed
942 747 1053 782 etiam
1080 747 1160 794 ipse
1180 759 1264 782 cum

40 814 214 847 venatore
229 810 276 845 ad
290 810 412 846 locum
427 809 479 845 ire
494 809 697 846 constituit.
756 808 835 845 Ubi
855 809 901 844 ad
920 809 1053 845 silvam
1066 814 1264 853 venerunt,

41 883 130 906 mox
160 871 279 917 ipsam
308 870 484 905 viderunt
519 881 653 914 ursam,
688 881 782 915 quae
818 868 923 904 tardo
959 882 1084 916 gressu
1121 869 1168 904 ad
1205 882 1266 905 eos

41 930 244 966 incedebat.
301 929 396 964 Tum
423 929 640 976 perterritus
667 928 833 964 arborem
865 928 1031 964 ascendit
1062 933 1266 974 mercator,

43 994 80 1026 at
107 1001 227 1025 comes
255 989 400 1033 infelix,
423 989 489 1035 qui
516 988 642 1035 fugere
669 1000 746 1023 non
774 991 928 1034 poterat,
950 987 1051 1034 quod
1069 988 1181 1023 armis
1200 988 1266 1023 im-

42 1050 191 1098 peditus
219 1052 284 1092 est,
306 1049 462 1096 projecit
490 1061 528 1084 se
555 1048 595 1083 in
623 1051 767 1092 terram,
788 1052 1033 1094 mortem-que
1061 1047 1263 1084 simulavit.

43 1111 161 1147 Ursae
198 1110 308 1153 enim,
342 1109 412 1144 etsi
448 1108 619 1144 homines
649 1108 755 1143 vivos
792 1108 955 1143 maxima
984 1108 1023 1143 vi
1053 1120 1267 1155 oppugnare

44 1170 174 1215 solent,
206 1169 381 1205 cadavera
409 1172 559 1216 tangere
587 1167 731 1204 nolunt.
796 1167 928 1214 Itaque
956 1179 1041 1203 ursa
1068 1172 1267 1215 postquam

44 1242 175 1266 nasum
194 1229 337 1276 corpori
356 1229 436 1275 ejus
455 1228 668 1264 admoverat
687 1240 796 1263 rauco
816 1240 900 1262 cum
915 1228 1065 1263 fremitu
1086 1227 1266 1263 discessit.

437 1402 499 1440 86.
533 1401 878 1450 Self-Reslraint.

97 1500 310 1536 Voluerunt
330 1499 418 1536 olim
437 1498 611 1534 animalia
629 1510 769 1534 novum
789 1511 907 1534 creare
927 1511 1058 1545 regem,
1080 1501 1182 1546 quod
1200 1499 1269 1545 leo,

46 1560 111 1607 qui
139 1572 292 1606 regnum
320 1563 428 1595 antea
456 1558 679 1602 obtinuerat,
701 1570 722 1593 a
739 1562 914 1593 venatore
942 1559 1103 1605 quodam
1131 1559 1272 1594 occisus

47 1623 132 1656 erat.
191 1619 323 1665 Itaque
351 1622 449 1654 certo
478 1617 538 1653 die
566 1617 707 1663 simius,
728 1618 834 1664 cujus
857 1619 942 1664 joca
970 1619 1098 1654 ceteris
1125 1631 1273 1666 magno·

50 1692 132 1727 pere
151 1678 358 1726 placebant,
375 1677 558 1724 suffragiis
574 1677 741 1712 omnium
760 1689 826 1711 rex
845 1681 988 1712 creatus
1007 1681 1070 1714 est.
1129 1677 1273 1725 Vulpes

49 1743 184 1782 tamen,
207 1737 267 1773 cui
297 1736 396 1771 simii
425 1748 523 1771 nova
553 1736 716 1782 dignitas
743 1735 897 1771 minime
926 1740 1027 1783 grata
1049 1737 1132 1783 fuit,
1153 1750 1273 1784 regem

48 1799 267 1834 submovere
305 1795 509 1831 constituit.
589 1795 725 1831 “Veni
769 1795 962 1840 me-cum‚’'
999 1796 1136 1844 inquit,
1178 1798 1276 1833 “rex

48 1870 189 1905 magne,
211 1856 341 1892 inveni
371 1855 472 1890 enim
503 1854 572 1890 sub
599 1855 754 1902 antiqua
784 1867 919 1902 quercu
939 1856 1102 1892 multum
1121 1858 1276 1904 argenti,

50 1917 150 1965 quod
165 1917 249 1964 jure
269 1927 396 1962 regum
415 1914 486 1949 tibi
506 1913 697 1961 proprium
716 1914 805 1951 est.''
861 1914 1001 1951 Simius
1022 1916 1150 1951 statim
1164 1917 1276 1963 jussit

50 1990 130 2013 eam
149 1976 196 2012 ad
214 1976 338 2011 locum
358 1987 395 2010 se
416 1973 560 2018 ducere,
582 1973 804 2021 incidit-que
822 1974 862 2009 in
882 1973 1019 2021 plagas,
1037 1987 1129 2021 quas
1148 1975 1280 2022 vulpes

50 2039 251 2085 paraverat.
322 2034 418 2070 Tum
455 2033 521 2069 illa
551 2046 636 2070 cum
673 2034 759 2078 risu,
799 2033 1029 2079 “Quomodo
1062 2037 1104 2069 tu
1143 2035 1280 2081 potes‚’'

51 2096 187 2144 inquit,
226 2094 354 2130 “alios
391 2106 524 2140 regere,
559 2093 624 2140 qui
657 2104 705 2128 ne
737 2096 774 2128 te
810 2093 934 2140 ipsum
974 2092 1126 2140 quidem
1162 2105 1280 2141 regere

52 2155 211 2203 potes2''
