1401 2369
504 120 858 162 Translations.
1248 122 1270 159 7
1276 120 1297 158 7

355 310 370 338 1
384 310 440 349 13.
473 299 513 337 A
546 298 719 337 Traz'tor
738 305 777 338 to
796 297 864 337 leis
885 298 935 337 K
937 298 1020 349 ing.

124 386 262 422 Darius
280 386 371 423 olim
389 399 455 422 rex
470 387 668 422 Persarum
683 387 722 421 in
739 386 854 422 silvas
869 398 953 421 cum
968 387 1102 433 magna
1114 386 1299 422 nobilium

74 449 220 482 caterva
238 451 417 482 venatum
435 447 564 483 iverat.
622 445 757 482 Subito
776 449 863 480 ante
879 445 1004 480 oculos
1019 446 1187 480 omnium
1201 458 1299 481 unus

73 518 120 541 ex
160 506 400 553 accipitribus
440 506 559 553 regiis,
598 505 664 553 qui
701 505 911 541 columbam
950 505 1182 551 sequebatur,
1220 506 1299 553 ipse

72 562 121 601 ab
139 561 276 610 aquila,
298 574 386 611 rege
405 562 547 609 avium,
569 568 812 613 oppugnatus
831 568 897 602 est.
962 564 1034 600 Ille
1069 569 1194 600 autem
1231 578 1299 601 nec

73 623 216 659 viribus
254 636 322 659 nec
359 625 553 671 majestate
594 624 712 659 hostis
749 624 997 671 perturbatus,
1037 627 1073 659 et
1109 628 1226 660 rostro
1262 627 1299 660 et

72 684 262 731 unguibus
302 697 379 720 sese
422 697 533 732 quam
577 684 780 720 fortissime
822 684 1056 720 defendebat.
1131 684 1298 720 Tandem

73 743 206 790 aquila,
237 743 338 790 quod
365 743 471 779 nullo
499 743 610 779 modo
639 743 833 779 victoriam
861 747 1046 790 reportare
1073 747 1228 791 poterat,
1257 744 1298 779 in

72 803 198 849 fugam
217 816 295 838 sese
314 803 427 840 dedit.
485 803 582 838 Inde
600 816 665 838 rex
683 803 897 850 accipitrem
925 803 972 838 ad
999 816 1037 839 se
1061 804 1147 839 ferri
1171 805 1296 851 jussit,

72 862 272 909 capiti-que
306 862 406 898 alitis
439 875 587 898 auream
616 875 789 898 coronam
822 875 888 910 pro
916 866 1021 899 tanta
1048 864 1188 900 virtute
1219 864 1298 911 ipse

71 923 258 970 imposuit.
315 922 464 958 Deinde
479 935 598 958 unum
614 935 660 958 ex
680 923 725 958 iis
744 923 860 958 servis
879 923 945 970 qui
963 923 1161 959 adstabant
1180 925 1298 960 securi

67 982 181 1029 jussit
216 985 405 1029 percutere
442 985 554 1028 caput
590 982 791 1029 proditoris
829 982 939 1019 alitis.
1018 983 1126 1019 “Hic
1163 984 1296 1030 enim,”

70 1041 205 1087 inquit,
228 1042 390 1077 “contra
409 1053 517 1077 suum
546 1053 667 1088 regem
695 1041 842 1078 fortiter
869 1042 935 1077 sed
962 1042 1077 1090 impie
1101 1043 1296 1091 confligere

71 1113 181 1136 ausus
201 1101 290 1137 est.”

292 1232 306 1259 1
320 1231 376 1269 14.
408 1221 447 1259 A
473 1220 627 1259 Lesson
649 1220 694 1259 in
719 1221 836 1260 Good
852 1221 1072 1261 Manners.

120 1318 259 1355 Lucius
274 1318 391 1362 Celer,
407 1318 466 1354 vir
478 1320 629 1365 jocosus
643 1319 709 1354 sed
726 1331 870 1363 avarus,
887 1320 953 1367 qui
972 1320 1091 1356 multa
1105 1320 1152 1356 ab
1167 1322 1294 1357 amicis

67 1379 282 1426 accipiebat,
299 1377 403 1413 nullo
419 1391 570 1414 munere
585 1391 720 1424 servos,
737 1380 803 1426 qui
819 1379 916 1415 dona
930 1380 1109 1426 ferebant,
1127 1394 1293 1429 unquam

67 1438 233 1474 donavit.
289 1438 507 1485 Aliquando
537 1451 663 1474 servus
691 1440 855 1485 quidam,
885 1441 1038 1476 nomine
1064 1441 1210 1488 Lydon,
1231 1443 1293 1478 do-

67 1510 170 1533 mum
188 1498 373 1545 ingressus
392 1499 438 1533 ad
459 1498 570 1545 pedes
599 1499 699 1533 avari
727 1499 865 1545 piscem
894 1499 953 1534 his
972 1501 1095 1536 verbis
1123 1502 1288 1548 projecit,

69 1558 218 1594 “Hunc
255 1559 325 1594 tibi
361 1571 466 1594 meus
506 1559 681 1594 domiuus
721 1559 874 1595 mittit.⁷'
949 1564 971 1579 ‘⁴
987 1561 1088 1607 Quid
1131 1564 1290 1609 tamen,''

66 1617 257 1665 respondit
278 1617 393 1662 Celer,
418 1621 518 1653 “tuo
537 1618 687 1665 ingenio
707 1618 887 1655 incultius
906 1633 984 1656 esse
1002 1623 1151 1668 potest?
1205 1623 1288 1660 En!

65 1677 136 1713 tibi
154 1690 275 1713 meam
298 1678 421 1713 sedem
450 1679 610 1714 concedo
624 1692 634 1724 3
662 1691 751 1714 mox
778 1692 838 1715 me
866 1680 1044 1727 imitatus,
1074 1685 1140 1718 tuo
1168 1683 1288 1720 officio

63 1737 198 1772 melius
224 1737 329 1784 fungi
350 1738 520 1784 poteriS.'’
574 1738 670 1773 Tum
690 1738 797 1774 Celer
823 1739 961 1775 humili
988 1741 1099 1776 vultu
1127 1754 1286 1787 servum,

62 1797 129 1844 qui
143 1797 223 1844 jam
242 1797 359 1844 ipsius
378 1797 503 1833 sedem
530 1799 744 1845 occupabat,
767 1811 980 1846 aggressus3
1012 1803 1032 1819 ‘⁴
1046 1801 1130 1846 Te,⁷⁷
1150 1802 1284 1849 inquit,

65 1856 158 1892 “vir
177 1857 315 1904 optime
334 1869 438 1893 meus
462 1857 636 1894 dominus
663 1858 804 1894 salvere
828 1859 946 1905 jubet.
1006 1860 1119 1896 Hunc
1147 1862 1286 1908 piscem

62 1916 241 1962 omnium,
271 1929 364 1963 quos
391 1917 432 1952 in
459 1919 590 1964 stagno
618 1918 747 1964 pascit,
775 1918 1074 1965 pinguissimum,
1098 1924 1133 1956 te
1161 1924 1286 1958 tamen

62 1976 129 2010 vix
160 1976 325 2022 dignum,
347 1976 444 2011 dono
473 1976 571 2012 dat.’'
640 1977 761 2024 “At,'’
789 1979 982 2025 respondit
1007 1980 1153 2027 Lyden,
1185 1984 1284 2019 “tuo

62 2034 213 2070 domino
245 2036 380 2082 gratias
411 2048 478 2082 ago
510 2035 739 2084 habeo-que,
777 2038 847 2073 tibi
881 2051 1029 2086 quoque
1063 2053 1129 2087 pro
1159 2041 1283 2078 labore

61 2094 155 2130 duos
181 2107 353 2131 nummos
373 2095 457 2130 dare
476 2095 516 2131 in
535 2096 659 2132 animo
679 2097 768 2132 est.’'
824 2098 934 2144 Quod
953 2099 1019 2134 ubi
1038 2101 1144 2137 audit
1164 2101 1280 2147 Celer,

60 2155 134 2190 acri
153 2155 302 2201 ingenio
320 2155 418 2191 servi
436 2155 652 2198 delectatus,
674 2159 748 2192 tres
768 2169 940 2194 nummos
961 2159 994 2194 01
1014 2159 1129 2197 dedit.
