1401 2369
474 105 824 147 Translations.
1213 103 1262 139 99

345 284 431 322 149.
462 272 536 311 An
556 270 825 311 Ill-matclaed
839 271 960 310 Paz'r.

95 359 226 407 Lupus
261 360 351 396 olim
384 372 467 395 cum
500 359 614 406 vulpe
645 359 857 395 societatem
886 357 1094 406 conjunxit.
1152 355 1264 391 Hanc

42 419 168 466 igitur,
201 420 303 466 quod.
338 420 457 455 multo
493 419 673 455 infirmior
704 424 790 463 erat,
821 418 1074 465 quodcunque
1103 416 1169 452 ille
1197 416 1267 451 im-

41 480 196 526 peravit,
228 480 345 515 facere
382 479 583 526 oportebat.
641 479 867 526 Aliquando,
902 478 993 512 dum
1030 489 1094 524 per
1128 476 1263 512 silvam

42 539 194 575 comites
224 539 294 575 iter
320 539 472 575 faciunt.
530 539 709 586 “Vulpes
736 537 954 582 carissima‚''
982 536 1107 583 inquit
1135 537 1261 583 lupus,

44 598 222 646 “aliquid
241 599 315 634 cibi
333 599 428 634 mihi
446 611 558 645 quam
577 598 763 634 celerrime
782 598 880 642 affer,
902 609 959 641 ne,
980 596 1077 631 same
1101 598 1262 639 coactus,

41 661 78 694 te
97 659 216 706 ipsam
235 659 442 695 devorem.''
497 658 750 706 “Equide1n,’⁷
771 658 962 705 respondit
988 656 1119 703 vulpes
1150 655 1264 690 minis

41 720 246 767 perterrita,
277 719 413 754 “haud
440 719 570 766 procul
594 719 641 754 ab
669 718 738 754 hoc
766 719 846 754 loco
875 718 967 753 duos
996 728 1110 763 agnos
1144 714 1266 762 pridie

41 779 231 826 conspexi,
252 791 345 826 quos
366 778 543 814 facillime
570 778 641 814 tibi
668 778 794 813 afferre
823 778 983 824 potero.'’
1039 776 1165 822 Quum
1194 774 1265 810 hoc

41 839 139 874 inter
166 851 228 875 eos
255 838 501 883 convenisset,
523 838 654 885 vulpes
674 851 721 873 ex
740 837 844 883 agnis
870 837 1026 872 alterum
1047 835 1093 871 ab
1113 847 1198 882 agro
1218 835 1267 870 ad

40 899 174 946 lupum
186 898 358 945 portavit.
403 898 562 943 Deinde,
577 901 619 933 ut
631 897 703 933 sibi
716 897 858 943 aliquid
872 897 1066 939 inveniret,
1085 895 1263 932 discessit.

41 959 95 995 At
113 959 237 1006 lupus,
258 959 323 1006 qui
341 958 447 994 brevi
466 971 603 1005 agnum
623 958 826 1001 devoravit,
850 970 897 992 ne
916 957 985 992 hoc
1006 956 1158 1003 quidem
1177 956 1266 992 satis

41 1022 251 1064 contentus,
272 1021 315 1053 ut
333 1018 447 1053 altero
467 1019 659 1065 potiretur,
682 1018 760 1064 ipse
788 1017 836 1052 ad
864 1017 962 1052 ovile
983 1016 1170 1064 profectus
1197 1017 1265 1052 est.

41 1078 81 1114 Is
96 1082 230 1125 autem,
247 1079 348 1125 quod
363 1091 439 1113 rem
458 1078 645 1113 incautius
660 1078 744 1124 egit,
762 1090 783 1112 a
804 1081 947 1124 pastore
963 1081 1103 1123 captus,
1118 1075 1171 1110 ita
1189 1087 1268 1122 gra-

42 1138 137 1174 viter
151 1138 366 1175 verberatus
381 1141 446 1183 est,
463 1141 506 1173 ut
519 1150 649 1185 corpus
669 1137 716 1173 ad
731 1137 865 1173 silvam
885 1137 951 1173 vix
966 1136 1110 1172 trahere
1129 1138 1263 1182 posset.

353 1283 368 1310 Ι
379 1279 438 1321 50.
475 1271 719 1311 Greedmess
728 1271 946 1322 punished.

93 1358 247 1395 Postero
266 1359 328 1395 die
346 1358 457 1405 lupus
477 1359 522 1395 de
541 1359 617 1394 suis
636 1359 785 1406 injuriis
804 1363 968 1406 questus,
985 1372 1006 1394 a
1024 1358 1158 1395 comite
1176 1357 1267 1393 facti

40 1419 290 1466 imprudentis
308 1419 546 1455 vehementer
578 1419 768 1454 incusatus
801 1423 879 1464 est3
918 1419 1077 1455 “Hodie
1105 1417 1266 1463 tamen?

41 1479 167 1526 inquit
181 1478 326 1525 vulpes,
343 1481 364 1497 “
377 1479 410 1513 si
428 1491 573 1513 mecum
588 1479 714 1514 venire
730 1479 797 1523 vis,
816 1482 962 1514 tantum
982 1479 1066 1523 cibi,
1083 1482 1268 1525 quantum

43 1540 148 1576 edere
178 1539 315 1586 poteris
342 1539 414 1574 tibi
442 1538 571 1574 dab0.'’
627 1539 757 1585 Lupus
787 1539 901 1585 igitur
925 1539 1078 1586 vulpem
1105 1542 1266 1582 secutus,

5 1604 6 1608 ’
43 1600 216 1635 horreum
234 1598 412 1645 agricolae
427 1598 622 1645 cujusdam
640 1599 733 1634 rima
754 1598 853 1633 haud
874 1599 926 1634 ita
944 1601 1076 1642 magna
1096 1598 1264 1633 intravit.

7 1662 8 1687 ἱ
43 1659 128 1703 Hic,
159 1670 276 1705 quum
308 1659 427 1693 carnis
463 1658 664 1693 maximam
701 1658 845 1705 copiam
881 1658 1123 1703 invenissent,
1157 1658 1267 1693 ambo

9 1751 10 1754 ,
44 1718 204 1766 dapibus
233 1718 436 1764 inopinatis
465 1718 564 1753 vesci
593 1718 790 1764 incipiunt.
848 1717 990 1764 Vulpes
1018 1723 1142 1753 autem
1171 1717 1269 1752 inter

45 1778 230 1815 ‘edendum
260 1777 308 1812 ad
336 1777 468 1813 rimam
497 1777 707 1813 cursitabat.
768 1776 902 1812 Subito
933 1777 1063 1824 ingens
1091 1777 1268 1824 strepitus

45 1837 194 1873 auditus
231 1840 296 1873 est.
371 1837 596 1872 Panduntur
631 1842 766 1884 portae.
839 1837 954 1872 Irruit
990 1837 1147 1883 agricola
1184 1849 1269 1872 cum

13 1922 14 1925 =
46 1898 164 1934 securi
191 1898 342 1945 ingente
369 1900 540 1933 armatus.
597 1897 692 1932 Inde
714 1897 853 1944 vulpes,
875 1910 968 1944 quae
987 1897 1087 1932 haud
1109 1897 1270 1933 multum

46 1957 169 1993 ederat
198 1957 291 1993 rima
309 1969 347 1992 se
365 1957 471 1992 facile
499 1957 635 2003 eripuit
649 1970 658 2001 3
684 1957 796 2003 lupus
825 1962 949 1992 tamen
976 1960 1124 1992 tantum
1152 1956 1270 1992 carnis

16 2018 17 2021 ’
47 2017 297 2063 devoraverat,
319 2020 362 2052 ut
381 2029 512 2063 corpus
531 2018 570 2052 in
590 2017 682 2052 rima
703 2017 872 2053 haereret.

101 2076 274 2123 Agricola
286 2077 410 2123 igitur,
420 2089 536 2123 quum
549 2089 634 2112 eum
649 2077 765 2111 securi
779 2077 1035 2121 interfecisset,
1047 2080 1159 2124 caput
1173 2079 1272 2124 post-

20 2150 21 2192 ᾗ
49 2136 135 2173 ibus
143 2136 273 2174 affixit.
290 2137 371 2183 Quo
379 2137 548 2184 exemplo
555 2137 654 2173 fures
661 2137 701 2172 in
708 2143 898 2184 posterum
905 2150 925 2174 a
932 2138 1073 2185 rapinis
1079 2138 1268 2175 deterruit.
