1401 2369
482 122 836 164 Translations.
1217 121 1265 158 73

253 270 338 311 107.
368 261 409 300 A
433 261 569 300 Hard
584 260 777 312 Bargain
799 259 1066 311 (continued).

100 337 195 373 Inde
225 349 374 384 pauper,
392 337 507 384 justis
535 337 758 373 funebribus
785 337 1013 383 perfunctus,
1036 336 1136 383 quod
1155 336 1267 372 fidem

48 397 173 432 datam
192 396 329 432 violare
349 397 483 442 noluit,
505 409 570 444 per
589 396 680 431 duas
699 400 826 431 noctes
855 396 1064 442 sepulcrum
1090 395 1267 442 agricolae

48 456 291 493 custodiebat.
361 456 485 492 Tertia
516 459 643 492 tamen
679 459 787 491 nocte
826 455 929 491 Mors
967 456 1048 503 ipsa
1084 456 1262 503 apparuit,

48 516 197 552 funebri
216 519 319 553 veste
338 516 483 561 induta,
497 519 534 551 et
548 528 680 562 corpus
695 515 767 550 sibi
786 516 883 551 tradi
897 516 1019 562 jussit.
1077 515 1117 551 Is
1131 519 1260 561 autem,

50 577 120 612 etsi
148 577 274 624 capilli
303 590 388 625 prae
416 580 518 612 metu
545 576 779 621 horruerunt,
809 577 980 625 promissi
1011 590 1087 613 non
1116 578 1263 624 oblitus,

49 635 212 672 Mortem
231 638 284 674 ita
302 637 485 672 allocutus
511 639 576 672 est.
635 638 658 655 “
673 636 869 683 Equidem,
891 637 1005 682 Mors,
1025 636 1095 672 hoc
1115 637 1266 673 cadaver

49 696 120 731 tibi
140 697 336 733 concedam
353 710 362 742 ;
390 699 516 744 repeto
531 699 656 732 tamen
675 709 741 744 pro
761 697 827 732 tali
846 709 998 732 munere
1008 699 1157 732 tantum
1176 697 1262 743 auri,

49 760 232 803 quantum
251 769 297 792 ex
315 757 406 792 meis
432 756 624 792 cothurnis
652 756 809 791 alterum
837 756 1111 804 compleverit.'⁷
1166 756 1266 794 Mors

49 828 124 851 non
162 816 303 864 respuit
339 817 603 853 conditionem.
689 817 785 852 Inde
822 816 912 852 dum
948 816 1037 852 haec
1075 818 1266 865 pecuniam

49 876 208 922 arcessit,
229 876 292 912 ille
311 876 431 912 cultro
450 877 569 912 imum
595 876 820 912 cothurnum
849 877 1019 924 perforat.
1077 877 1192 912 Haud
1218 877 1269 912 ita

49 936 167 971 multo
204 939 300 983 post,
338 935 441 971 Mors
478 948 648 983 regressa,
688 949 928 972 nummorum
964 948 1121 982 saccum,
1160 949 1270 983 quem

48 996 260 1043 reportavit,
282 995 322 1031 in
342 996 566 1032 cothurnum
586 996 727 1033 effudit.
785 995 923 1032 Mirata
942 996 1044 1043 quod
1066 997 1269 1047 cothurnus

48 1055 217 1090 nondum
248 1046 455 1102 completus
482 1058 548 1100 est,
579 1055 738 1091 alterum
765 1067 912 1091 saccum
944 1056 1065 1103 priore
1093 1057 1270 1103 majorem

48 1115 246 1151 arcessivit.
303 1114 469 1150 Tandem
487 1117 686 1162 postquam
708 1127 755 1151 ne
783 1115 844 1151 hic
864 1116 1016 1162 quidem
1044 1115 1271 1152 cothurnum

48 1174 230 1221 complere
248 1174 377 1218 valuit,
399 1174 489 1210 dum
512 1175 664 1210 tertium.
684 1187 830 1211 saccum
849 1175 1010 1221 arcessit,
1033 1175 1110 1212 sole
1129 1177 1272 1213 oriente

47 1238 212 1281 excepta,
233 1234 436 1270 necessario
456 1234 581 1281 fugere
601 1238 725 1270 coacta
745 1239 808 1273 est.

351 1341 437 1380 108.
482 1339 583 1378 leo
602 1340 732 1379 killed
748 1340 814 1379 tlze
837 1341 938 1382 Cock
951 1342 972 1380 ?

100 1417 208 1453 Anus
245 1417 434 1463 quaedam,
471 1429 565 1463 quae
601 1417 703 1452 haud
740 1418 869 1464 procul
904 1417 1063 1453 Tarento
1100 1418 1147 1453 ab
1180 1418 1270 1454 urbe

48 1477 241 1521 habitavit,
265 1488 349 1511 suas
368 1476 522 1511 ancillas
541 1476 588 1511 ad
615 1476 704 1523 galli
727 1481 878 1512 cantum
906 1489 925 1512 e
953 1489 1082 1512 somno
1111 1477 1270 1514 excitare

48 1535 200 1571 solebat.
258 1534 340 1570 Hae
360 1535 473 1582 igitur
493 1536 594 1582 quod
613 1548 634 1570 a
653 1536 772 1583 prima
789 1535 871 1572 luce
890 1548 1008 1583 usque
1035 1536 1083 1571 ad
1102 1549 1268 1572 occasum

48 1595 136 1631 solis
172 1594 335 1630 laborem
372 1595 555 1630 sustinere
592 1598 738 1630 coactae
774 1599 872 1642 sunt,
913 1596 1053 1643 gallum
1088 1596 1268 1632 malorum

49 1666 195 1690 causam
228 1654 392 1690 occidere
425 1655 709 1690 constituerunt.
767 1654 920 1691 Postero
953 1656 1067 1702 igitur
1104 1656 1164 1692 die
1201 1656 1269 1692 sub

48 1725 255 1761 vesperum,
285 1713 374 1749 dum
402 1713 516 1749 altera
548 1714 659 1761 pedes
689 1715 778 1761 galli
810 1718 966 1762 utraque
994 1728 1108 1751 manu
1136 1717 1272 1752 retinet

48 1776 224 1819 aversata,
261 1772 385 1817 altera,
419 1785 512 1820 quae
554 1774 666 1820 paulo
712 1775 885 1810 audacior
921 1776 1004 1821 fuit,
1043 1780 1156 1823 caput
1192 1777 1273 1812 avis

0 1864 1 1873 ,
48 1833 209 1869 infelicis
229 1833 346 1868 securi
366 1833 555 1879 percussit.
613 1833 660 1869 Id
681 1837 805 1869 tamen
824 1834 932 1881 longe
957 1835 1065 1871 aliter
1087 1836 1212 1872 evenit
1232 1848 1273 1871 ac

48 1893 243 1941 putabant.
300 1892 505 1939 Postquam
533 1892 632 1927 enim
658 1893 778 1940 gallus
806 1893 1026 1931 interfectus
1055 1899 1144 1941 erat,
1167 1908 1272 1941 anus,

48 1965 142 2000 quae
158 1953 206 1988 ad
225 1953 265 1988 id
284 1955 432 1999 tempus
448 1954 598 1988 cantum
614 1953 694 1999 ejus
710 1953 895 1999 patienter
910 1958 1103 2001 expectare
1118 1955 1271 2002 solebat,

47 2012 213 2057 ancillas,
231 2024 331 2047 nunc
350 2011 473 2046 media
492 2014 612 2056 nocte,
629 2023 728 2047 nunc
748 2013 867 2059 prima
881 2012 974 2057 luce,
992 2026 1135 2061 semper
1150 2018 1275 2051 tamen

47 2072 229 2108 maturius
248 2084 359 2119 quam
379 2074 500 2115 antea,
519 2083 539 2105 e
564 2083 692 2106 somno
713 2073 900 2108 excitavit.
958 2073 1131 2109 Ancillae
1150 2075 1273 2122 igitur,

48 2144 141 2179 quae
169 2132 222 2168 ita
249 2143 288 2167 se
311 2130 529 2174 fefellerant,
560 2142 626 2176 pro
654 2133 758 2165 tanto
787 2130 951 2166 facinore
979 2132 1111 2179 dignas
1138 2145 1277 2181 poenas

11 2208 12 2215 ¹
48 2192 316 2239 persolverunt.
