1401 2369
464 105 815 147 Translations.
1201 106 1247 143 21

32 236 163 280 captat.
220 233 316 268 Tum
352 231 535 268 exclamat
576 229 748 274 Boeotus,
793 229 906 264 “Vos
943 230 1067 264 tenete
1099 227 1252 263 firmiter

31 303 112 328 mea
148 305 261 337 crura,
296 304 383 328 nam
420 304 552 327 manus
588 291 721 326 durum
758 289 905 336 lignum
942 288 1062 324 terit.''
1129 287 1251 324 Simul

31 351 131 388 laxat
149 364 291 398 manus,
313 355 350 388 et
369 363 497 387 omnes
514 351 555 386 in
573 363 707 398 aquam
726 349 915 386 decidunt.

514 543 576 581 24.
608 532 643 570 L
651 532 739 583 ogz‘c
751 533 770 571 Ι

81 629 260 667 Rusticus
288 630 389 675 olim,
410 630 562 666 nomine
592 629 748 675 Gellius,
770 629 829 666 vir
847 629 954 666 dives
982 629 1046 666 sed
1065 629 1249 676 indoctus,

29 690 147 726 mittit
159 690 276 725 filium
289 690 337 726 ad
351 690 483 725 ludum
500 689 673 734 Zenonis,
687 689 863 736 praeclari
878 689 1101 737 philosophi.
1161 689 1253 726 Post

29 749 172 797 aliquot
198 762 316 785 annos
343 749 442 784 filius
471 747 606 796 repetit
633 752 828 796 paternum
854 752 1006 794 tectum,
1026 754 1064 784 et
1082 752 1251 796 parentes

29 811 96 845 sua
123 810 306 856 sapientia
337 808 522 853 deleotat3
554 820 641 843 nam
675 821 802 844 omnes
835 809 985 855 ingenio
1018 812 1055 844 et
1086 821 1253 845 sermone

29 870 236 916 superabat.
295 868 389 904 Mox
421 871 548 903 tamen
576 868 729 915 juvenis
762 867 931 915 disputat
963 881 1048 904 eum
1075 872 1179 916 patre
1207 869 1253 905 de

30 929 136 964 cultu
164 940 335 964 arvorum
350 941 360 974 5
392 927 546 963 tandem
573 928 700 971 iratus,
722 926 854 963 baculo
883 932 996 975 eaput
1015 931 1053 964 et
1079 928 1253 965 humeros

30 989 129 1025 senis
154 989 333 1025 verberat.
394 987 461 1024 “O
491 987 699 1032 scelerate,''
727 987 911 1023 exclamat
939 988 1095 1034 Gellius,
1127 991 1252 1025 “num

30 1048 199 1084 verberas
226 1046 424 1095 patrem2'‘
481 1046 738 1094 “eqiideln,⁷'
765 1047 957 1094 respondit
985 1048 1149 1094 juvenis,
1182 1050 1252 1085 “et

30 1111 152 1145 recte:
207 1120 333 1144 nonne
379 1111 422 1143 tu
466 1119 526 1142 me
570 1119 728 1154 parvum
774 1119 931 1154 puerum
976 1108 1251 1144 verberabas2''

33 1170 121 1206 “At
134 1170 279 1206 invitus
294 1169 536 1205 verberabam
552 1172 599 1214 te,
615 1172 652 1204 et
667 1181 733 1216 pro
748 1171 813 1204 tua
826 1169 1025 1206 utilitate.’'
1082 1172 1104 1190 “
1116 1170 1167 1207 Et
1185 1183 1251 1219 ego

30 1229 143 1266 hodie
161 1230 314 1266 verbero
334 1232 371 1265 te
390 1241 455 1277 pro
475 1231 540 1264 tua
559 1228 732 1275 utilitate,
755 1231 792 1265 et
811 1229 988 1266 invitus.''

458 1410 521 1451 25.
565 1401 663 1440 Wat
687 1401 816 1451 Tyler.

82 1500 275 1545 Rieardus,
305 1499 428 1536 adhuc
451 1499 615 1547 juvenis,
637 1499 803 1535 succedit
831 1512 943 1548 regno
971 1500 1248 1542 Britannorum.

31 1560 126 1597 Mox
161 1565 238 1596 erat
273 1560 395 1607 gravis
433 1558 565 1595 seditio
603 1558 733 1606 plebis.
790 1559 861 1595 Vir
896 1563 1066 1607 rusticus,
1100 1564 1251 1601 nomine

30 1620 196 1668 Figulus,
235 1620 449 1655 seditiosam
486 1618 634 1654 turbam
671 1618 841 1655 ducebat.
909 1619 1084 1668 Jam—que
1120 1622 1251 1670 ingens

0 1711 2 1716 x
31 1683 177 1717 caterva
195 1679 398 1714 intraverat
416 1678 547 1714 urbem
575 1678 816 1724 Londinium,
838 1682 875 1715 et
903 1681 1028 1716 omnia
1055 1682 1246 1729 spoliabat.

31 1739 126 1776 Inde
145 1738 234 1774 dum
250 1738 349 1773 cives
368 1737 549 1774 claudunt
564 1737 737 1773 tabernas
753 1742 790 1774 et
804 1738 930 1786 fugam
950 1744 1108 1787 tentant,
1125 1743 1250 1780 subito

0 1812 1 1818 ¹
30 1812 96 1836 rex
118 1798 271 1846 juvenis
298 1810 383 1833 eum
411 1798 538 1845 paucis
566 1798 756 1844 equitibus
780 1798 893 1835 adest.
951 1799 1107 1847 Figulus
1126 1807 1250 1840 autem

30 1858 228 1908 prehendit
277 1858 364 1905 equi
413 1857 507 1905 regis
551 1857 723 1894 habenas.
801 1858 890 1895 Sine
935 1863 1036 1896 mora
1078 1863 1250 1909 magister

31 1921 200 1966 equitum
227 1917 378 1964 stringit
403 1916 570 1964 gladium
598 1917 820 1965 occidit-que
849 1918 1039 1955 hominem
1061 1921 1246 1960 audacem.

31 1977 168 2015 Statim
203 1989 330 2013 omnes
367 1979 522 2011 sumunt
557 1988 666 2021 arma,
706 1978 955 2026 tendunt-que
990 1992 1104 2017 arcus
1166 1982 1249 2020 Rex

9 2081 10 2084 Ἰ
29 2040 153 2073 autem
167 2036 334 2085 procedit
348 2035 388 2071 in
402 2035 575 2071 medium.
636 2039 657 2054 “
672 2035 870 2083 Comites‚''
886 2039 1020 2085 inquit,
1040 2042 1061 2058 “
1074 2040 1136 2076 hic
1149 2042 1250 2089 jacet

29 2100 150 2134 vester
181 2097 270 2142 dux,
304 2108 372 2132 nec
404 2107 570 2142 unquam
602 2099 776 2143 resurget.
832 2096 1023 2145 Deponite
1054 2100 1151 2147 tela3
1182 2115 1249 2150 ego

29 2156 182 2203 posthac
203 2168 263 2193 ero
281 2156 389 2193 vobis
408 2155 520 2191 dux.''
