1401 2369
133 110 151 143 7
158 109 178 143 2
564 109 914 151 Translations.

400 287 487 328 105.
517 278 661 318 Dumb
685 278 813 318 δήσω
834 279 1100 331 (continued).

182 365 386 413 Postquam
405 365 532 402 eodem
552 366 661 401 modo
677 366 868 402 simulatas
887 366 999 413 dapes
1018 367 1063 402 ab
1080 379 1150 403 ovo
1168 379 1286 414 usque
1304 365 1352 402 ad

130 425 227 461 mala
263 425 544 470 devoraverunt,
584 425 769 460 Admetus
810 426 890 472 jam
927 426 973 461 ab
1020 426 1122 461 omni
1168 438 1231 473 spe
1277 426 1349 462 cibi

131 485 307 531 dejectus,
331 485 351 503 “
369 484 500 530 Siste‚''
524 485 659 531 inquit,
683 486 704 503 “
720 485 894 529 laborem,
916 485 1006 521 satis
1034 485 1133 521 enim
1161 485 1232 531 edi,
1253 485 1351 521 ultra

130 556 198 580 nec
217 556 368 591 possum
390 556 457 580 nec
477 544 598 580 volo.''
654 543 726 580 Cui
746 544 930 590 dominus,
956 547 978 564 “
993 544 1056 590 At,
1078 545 1109 581 si
1127 557 1204 581 non
1232 544 1349 588 edere,

131 606 228 639 certe
264 603 408 650 aliquid
445 604 571 639 bibere
608 604 746 650 potes.''
821 603 954 649 Simul,
995 604 1178 652 “Agite,'’
1215 605 1348 652 inquit,

134 665 156 682 “
171 663 277 709 servi,
299 664 425 699 afferte
444 663 538 698 mihi
565 663 661 699 illud
687 664 830 708 vinum,
860 664 962 711 quod
990 664 1080 699 cado
1108 676 1200 700 avus
1227 666 1353 699 noster

130 723 292 759 Plancus
324 722 526 759 condidit.''
580 722 738 767 Deinde,
779 728 821 759 ut
858 727 978 768 antea,
1016 727 1215 771 postquam
1248 723 1351 759 visus

130 785 208 818 erat
226 782 357 818 vinum
377 781 564 817 effundere
583 781 623 816 in
638 785 766 817 fictum
786 783 971 829 poculum,
988 782 1026 818 id
1047 783 1164 818 amico
1184 782 1347 817 tradidit.

130 842 204 877 Hie
239 845 364 877 autem
399 844 593 889 personam
629 841 740 877 etiam
778 842 910 877 melius
947 842 1151 889 sustinuit3
1189 842 1351 889 primum

129 901 230 937 enim
266 901 315 936 ad
350 901 471 936 lucem
507 901 683 948 poculum
720 901 885 946 sustulit,
918 901 1052 937 deinde
1084 901 1166 937 vini
1202 901 1350 936 odorem

130 960 282 996 naribus
319 960 493 1007 captavit,
529 963 712 1007 postremo
750 961 944 996 absorbere
976 961 1078 996 visus
1115 963 1180 997 est.
1251 960 1351 1006 Quid

130 1020 272 1056 multa?
325 1019 529 1067 Postquam
557 1021 703 1067 saepius
731 1020 862 1056 vinum
890 1021 1046 1065 biberat,
1068 1020 1212 1056 ebrium
1240 1020 1352 1056 simu-

130 1080 222 1125 lans,
243 1092 347 1116 crura
375 1083 412 1116 et
439 1079 589 1115 brachla
613 1081 754 1126 jactare
784 1080 941 1127 incipit;
979 1080 1150 1127 denique,
1172 1083 1352 1127 tanquam

130 1152 226 1186 casu,
244 1143 355 1186 caput
370 1139 529 1186 hospitis
545 1139 663 1186 jocosi
683 1139 761 1174 ictu
779 1139 995 1186 gravissimo
1011 1139 1185 1186 pulsavit.
1242 1138 1350 1184 Inde,

131 1199 221 1235 dum
238 1199 302 1234 ille
321 1199 427 1234 humi
443 1199 542 1246 jacet
562 1200 718 1243 saucius,
740 1199 800 1234 hic
820 1199 916 1234 foras
935 1211 1013 1234 sese
1032 1198 1176 1245 eripuit.

475 1333 562 1372 106.
593 1333 632 1371 A
658 1333 794 1371 Hard
810 1333 1014 1383 Bargain.

180 1420 354 1468 Agricola
372 1420 535 1467 quidam,
557 1420 615 1455 vir
634 1419 738 1454 dives
758 1422 868 1466 atque
887 1419 987 1454 idem
1014 1431 1156 1465 avarus,
1179 1419 1267 1455 dum
1288 1432 1352 1467 per

130 1493 233 1529 agros
252 1484 357 1526 errat,
379 1492 466 1528 opes
484 1480 710 1526 divitiasque
734 1492 858 1515 secum
877 1479 1142 1515 considerabat.
1201 1479 1351 1526 Segetes

130 1540 281 1588 quidem
301 1540 433 1586 aristis,
449 1539 569 1587 pomis
589 1540 735 1574 arbores
756 1542 926 1574 oneratae
944 1542 1042 1583 sunt,
1060 1539 1207 1574 stabula
1227 1544 1350 1574 autem

130 1600 249 1636 bobus
285 1600 488 1648 pinguibus
528 1599 785 1646 jumentisque
824 1599 1076 1635 abundabant.
1160 1599 1220 1634 Ex
1257 1599 1351 1645 agris

131 1660 283 1695 domum
318 1671 512 1706 regressus,
546 1663 742 1705 postquam
780 1659 886 1693 aedes
919 1659 1085 1702 intravit,
1120 1670 1250 1702 arcam,
1285 1658 1351 1694 ubi

131 1719 276 1755 nummi
291 1719 432 1754 conditi
447 1722 546 1763 sunt,
561 1718 681 1754 avidis
702 1718 817 1753 oculis
836 1718 1166 1765 contemplabatur.
1217 1717 1350 1753 Subito

132 1791 260 1815 vocem
292 1778 438 1814 audivit
470 1778 637 1813 dicentis.
712 1777 853 1812 “Num
886 1790 973 1813 auro
1006 1778 1224 1824 divitiisque
1257 1777 1350 1813 bene

132 1851 220 1874 usus
239 1838 334 1874 es‘l'’
386 1841 409 1857 “
425 1837 664 1884 Unquam-ne
684 1849 861 1884 pauperes
881 1849 1100 1884 egenos-que
1120 1837 1350 1873 curavisti2’'

133 1898 214 1944 Qua
249 1910 339 1934 voce
384 1898 565 1933 attonitus
602 1898 692 1932 dum
729 1897 846 1932 vitam
892 1897 1128 1944 praeteritam
1172 1899 1348 1941 recenset,

132 1957 290 1993 occurrit
316 1969 457 2004 pauper
483 1957 645 2004 quidam,
677 1960 713 1991 et
741 1956 884 2002 aliquid
912 1956 1056 2002 argenti
1083 1955 1129 1990 ab
1158 1967 1200 1990 eo
1228 1955 1347 2002 petiit.

134 2017 218 2052 “Id
243 2017 315 2052 tibi
341 2017 501 2052 libenter
527 2016 656 2061 dabo‚’'
685 2016 876 2062 respondit
904 2015 979 2060 ille,
1002 2014 1072 2050 “si
1099 2014 1200 2051 voles
1227 2027 1350 2050 meum

132 2075 342 2123 sepulcrum
361 2076 440 2111 dies
458 2079 660 2122 noctesque
687 2078 761 2110 tres
789 2074 1008 2110 custodire.”
1064 2073 1208 2120 Quibus
1227 2073 1351 2110 verbis

132 2136 328 2183 pecuniam
348 2135 454 2171 alteri
473 2135 638 2179 tradidit,
660 2138 696 2170 et
715 2135 843 2170 statim
862 2147 881 2170 e
899 2134 979 2170 vita
998 2133 1174 2169 discessit.
