1401 2369
497 73 620 115 Tran
627 72 846 116 slations.
1231 77 1278 112 23

63 195 118 233 At
148 210 240 245 puer
266 199 330 245 jus
361 198 493 235 abnuit
526 202 562 235 et
593 203 697 246 optat
725 206 802 235 ova.
860 199 979 234 Tanto
1007 198 1159 234 fastidio
1186 199 1278 236 irata

63 258 192 294 nutrix
222 258 347 294 cibum
383 262 540 303 amovet,
573 271 815 306 puerum-que
851 258 899 294 ad
934 258 1071 294 lectum
1102 258 1277 305 jejunum

63 316 230 353 dimittit.
287 317 471 354 Postridie
487 319 549 365 jus
568 323 623 354 est
650 319 784 353 iterum
814 322 924 365 caput
944 330 1053 353 cenae
1066 331 1076 363 3
1104 323 1143 354 at
1160 323 1274 365 puer,

63 376 133 411 etsi
158 376 268 412 valde
296 378 488 422 esuriebat,
518 378 653 413 iterum
689 377 879 414 recusavit.
951 377 1124 424 ‹Tam-que
1160 378 1275 413 fames

62 446 194 482 corpus
211 436 374 484 Augusti
401 437 649 483 consumebat,
671 440 795 473 tamen
822 437 864 472 in
891 448 957 472 suo
981 436 1135 473 oonsilio
1154 448 1274 473 mane-

61 494 126 530 bat
143 507 236 542 puer
247 509 258 542 3
285 498 322 532 et
340 496 441 532 haud
459 497 512 533 ita
529 497 650 533 multo
670 501 753 544 post
771 496 945 544 migravit
964 495 1010 532 de
1029 501 1117 533 vita.

437 711 498 751 29.
533 700 569 741 C
565 700 658 739 rael
672 700 715 738 F
712 700 900 741 rederz'ck.

110 797 335 843 Fredeficus,
356 810 448 846 puer
474 797 643 844 crudelis,
673 810 749 834 non
776 798 916 834 amavit
942 798 1138 846 animalia,·
1165 811 1272 848 saepe

59 860 261 897 divellebat
287 861 363 897 alas
390 872 598 896 muscarum
626 863 662 896 et
690 860 840 908 corpora
871 861 1108 897 formicarum
1134 863 1271 899 acubus

58 920 312 967 transfigebat.
403 920 619 967 Aliquando
673 920 833 956 vexabat
890 920 1103 967 Trajanum,
1162 934 1272 958 suum

57 990 195 1024 canem,
216 980 314 1015 saxis
341 982 378 1015 et
400 979 623 1015 verberibus,
682 978 798 1026 Saepe
826 982 929 1026 pater
956 980 1193 1017 Frederieum
1218 982 1271 1017 ita

56 1039 223 1075 monuit:
254 1038 387 1075 “Cave
407 1051 543 1083 canem,
561 1051 684 1074 nonne
704 1039 833 1075 dentes
852 1039 964 1075 habet
982 1040 1163 1076 aeut0s2''
1217 1041 1271 1077 At

56 1110 148 1145 puer
165 1098 278 1135 verba
305 1099 420 1146 patris
447 1098 602 1145 negligit
630 1102 666 1134 et
694 1110 808 1134 manu
836 1098 991 1134 caudam
1018 1099 1143 1135 miseri
1169 1101 1270 1136 oanis

55 1162 212 1206 torquet.
267 1158 347 1194 Diu
373 1159 552 1205 Trajanus
582 1170 659 1193 rem
690 1159 876 1205 patienter
906 1158 1047 1195 tolerat.
1103 1159 1270 1196 Tandem

54 1218 171 1254 iratus
205 1218 349 1254 mordet
385 1219 553 1255 dextram
589 1219 703 1265 pueri.
766 1218 981 1254 Fredericus
1017 1218 1148 1255 multis
1184 1232 1269 1256 cum

53 1277 215 1314 lacrimis
250 1282 392 1326 patrem
427 1279 531 1326 petit.
608 1278 721 1314 “Cur
764 1278 947 1325 tandem‚”
984 1278 1109 1327 inquit
1153 1283 1267 1327 pater,

56 1340 79 1357 ‘⁵
91 1350 214 1374 meum
231 1338 427 1377 consilium
445 1336 680 1385 negligebas‘l
695 1339 715 1356 ⁷’

396 1551 457 1591 30.
489 1541 646 1580 Follow
667 1539 731 1580 tlte
751 1541 922 1580 Leader.

105 1640 248 1685 Pastor,
280 1639 432 1675 nomine
461 1639 682 1687 Panurgius,
714 1639 850 1675 multas
883 1651 970 1675 oves
1006 1637 1192 1686 habebat3
1228 1643 1266 1677 at

53 1699 158 1735 dives
190 1699 335 1735 vicinus
367 1699 502 1745 viginti
538 1711 583 1734 ex
618 1711 771 1735 numero
808 1698 993 1735 subducit.
1050 1699 1183 1736 Pastor
1218 1701 1265 1736 ad

49 1758 215 1805 judicem
249 1757 429 1805 properat,
467 1758 672 1806 furem-que
707 1762 862 1795 accusat.
932 1758 1008 1795 Sed
1039 1760 1168 1807 judex,
1207 1761 1265 1798 vir

52 1818 282 1863 inhonestus,
303 1830 388 1865 prae
406 1818 537 1854 timore
555 1818 685 1854 divitis
704 1819 776 1854 viri
794 1821 917 1866 preces
934 1819 1092 1866 pastoris
1109 1821 1259 1867 spernit.

52 1878 149 1914 Tum
166 1880 290 1925 pastor
307 1877 500 1914 humiliter
513 1878 653 1914 aecfidit
667 1878 714 1914 ad
732 1878 873 1916 furem:
904 1880 925 1898 “
938 1879 1109 1924 Retine‚''
1126 1880 1260 1927 inquit,

56 1940 186 1983 “oves‚
220 1937 267 1974 da
303 1937 397 1973 mihi
432 1940 557 1973 tamen
593 1938 753 1983 arietem,
792 1938 924 1975 ducem
958 1939 1110 1987 gregiS.’'
1174 1940 1260 1985 Fur,

52 1998 233 2043 incautus,
267 1998 416 2034 arietem
465 1996 539 2032 dat.
612 1996 638 2032 J
640 2009 699 2033 am
751 2003 875 2046 pastor
910 1998 1012 2035 tollit
1047 1999 1186 2036 animal
1221 2000 1262 2036 in

52 2056 224 2093 humeros
250 2060 287 2093 et
313 2056 480 2092 discedit.
536 2055 590 2092 At
619 2069 705 2093 oves
734 2057 894 2093 audiunt
921 2069 1050 2095 vocem
1081 2057 1197 2108 ducis,
1225 2062 1263 2096 et

50 2117 245 2154 universae
263 2120 395 2154 notum
414 2116 512 2153 ovile
531 2117 590 2153 sui
608 2116 750 2154 domini
767 2121 910 2166 petuntv
