1401 2369
481 100 833 141 Translations.
1221 99 1266 135 31

51 221 148 257 fame
176 221 345 269 languidi
373 234 450 258 sese
478 222 547 257 sub
575 222 703 257 arbore
731 221 922 268 dejiciunt.
981 221 1084 256 Mors
1112 221 1273 267 benigna

52 281 217 316 celeriter
243 281 329 316 finit
356 281 507 326 labores,
538 294 604 316 nec
633 281 772 316 de-erat
799 281 918 316 honor
946 280 1116 328 sepulcri,
1138 292 1273 327 parvae

52 339 152 375 enim
170 351 256 376 aves
275 351 426 388 corpora
443 340 640 376 frondibus
660 340 798 375 teneris
817 343 1000 376 texerunt.

349 505 412 543 44.
453 493 536 531 lee
555 493 667 531 Rats
688 493 732 531 in
755 493 821 531 tlte
841 493 970 532 Bam.

102 589 192 625 Erat
211 588 301 624 olim
319 589 360 623 in
380 588 579 624 Germania
597 588 694 624 mala
713 576 838 634 fames,
859 588 989 624 messis
1005 587 1105 624 enim
1120 600 1162 624 eo
1177 600 1275 624 anno

51 649 155 684 nulla
198 649 327 684 fuerat.
398 648 537 695 Magna
576 649 691 695 igitur
727 649 837 684 turba
874 649 1014 684 civium
1051 649 1219 695 quotidie
1254 661 1277 684 a

51 709 218 756 principe
250 721 384 756 panem
416 708 655 744 vehementer
686 708 845 755 petebat.
904 707 1071 743 Tandem
1103 708 1276 756 precibus

52 780 178 804 eorum
198 768 328 813 fessus,
348 768 520 815 princeps
539 767 698 803 crudelis
721 780 850 803 omnes
876 768 917 803 in
945 767 1118 803 horreum
1145 767 1276 815 ingens

52 830 148 863 van&
176 840 241 875 spe
271 827 345 863 cibi
374 827 535 864 induxit.
594 827 687 862 Mox
716 827 781 862 ubi
814 827 987 862 horreum
1020 827 1173 874 plenum
1202 827 1276 863 fuit

52 887 217 922 flammas
246 889 342 922 tecto
361 887 538 930 admovit,
561 891 597 922 et
617 899 743 922 omnes
762 886 809 921 ad
828 899 946 922 unum
974 886 1122 924 delevit.
1181 886 1276 922 Inde

53 947 143 982 dum
165 946 387 982 clamoribus
417 947 633 982 miserrimis
663 950 700 982 et
728 946 871 982 caelum
899 949 937 981 et
964 949 1061 981 terra
1088 946 1274 992 resonant,

55 1005 265 1051 “Audite,'’
292 1006 430 1053 inquit,
456 1008 478 1025 ‘⁴
491 1007 653 1041 murium
673 1005 902 1042 stridorem.''
958 1005 1037 1040 Vix
1057 1018 1098 1040 ea
1117 1006 1274 1051 dixerat,

52 1078 168 1113 quum
183 1078 312 1101 vocem
327 1078 500 1113 magnam
515 1066 667 1101 comites
682 1066 850 1101 audiunt.
912 1066 934 1084 “
946 1065 1000 1101 At
1012 1066 1134 1111 miser,
1150 1066 1276 1114 paucis

51 1128 136 1173 post
154 1125 298 1171 diebus,
318 1125 433 1161 iidem
452 1138 573 1161 mures
592 1130 700 1161 tuum
719 1138 851 1173 corpus
870 1125 1138 1162 devorabunts’

217 1275 281 1317 45.
320 1267 403 1306 lee
422 1267 534 1306 Rats
558 1268 601 1306 in
623 1268 688 1306 tlze
707 1268 827 1306 Bam
845 1267 1111 1319 (continued).

105 1366 153 1401 In
171 1365 294 1401 medio
313 1365 447 1401 Rheno
462 1365 556 1401 sorte
576 1378 617 1401 eo
637 1369 801 1413 tempore
820 1366 942 1402 stabat
956 1365 1066 1401 turris
1082 1365 1261 1401 altissima
1266 1379 1277 1412 3

52 1426 126 1461 huc
145 1425 325 1472 princeps,
347 1425 427 1460 dirzi
446 1437 535 1461 voce
554 1427 780 1472 perterritus,
803 1426 921 1473 fugit3
950 1426 1047 1461 nihil
1067 1426 1166 1461 enim
1185 1428 1280 1472 aque-z

53 1485 172 1520 tutius
191 1484 313 1520 habet.
371 1484 446 1520 Hic
464 1497 582 1520 unum
603 1485 701 1520 diem
721 1486 893 1521 manebat
912 1488 1026 1529 tutus,
1050 1489 1086 1520 et
1105 1485 1279 1530 alterum3

55 1544 163 1579 tertia
177 1547 303 1579 tamen
318 1549 426 1580 nocte
441 1545 612 1580 custodes
631 1545 735 1580 mille
754 1545 892 1592 pedum
907 1545 1089 1592 crepitum
1108 1545 1276 1582 audiunt.

55 1603 149 1639 Mox
175 1603 241 1639 ubi
273 1604 328 1639 sol
359 1604 479 1639 noctis
517 1604 666 1640 umbras
694 1604 850 1651 fugavit,
878 1605 1039 1640 immane
1067 1608 1281 1652 portentum

55 1663 196 1699 vident.
271 1662 477 1710 Utramque
515 1664 615 1699 enim
648 1664 767 1711 ripam
799 1663 966 1699 fluminis
998 1664 1282 1700 innumerabilis

57 1723 218 1758 murium
262 1722 465 1758 multitudo
511 1723 681 1770 complet.
766 1723 854 1759 Jam
897 1735 1020 1759 mures
1064 1724 1105 1759 in
1149 1736 1283 1771 aquam

57 1782 245 1828 desiliunt,
286 1782 505 1829 turrim-que
542 1786 685 1830 petunt.
761 1783 915 1819 Frustra
951 1784 1122 1831 princeps
1160 1788 1283 1831 portas

57 1843 321 1889 fenestras-que
341 1841 487 1878 obserat
499 1854 510 1888 3
537 1841 579 1877 hi
599 1843 699 1878 enim
725 1843 913 1878 scandunt
931 1855 1065 1888 muros,
1088 1843 1145 1878 illi
1167 1845 1283 1879 acutis

58 1901 232 1938 dentibus
252 1901 392 1949 ligneas
420 1905 545 1948 portas
572 1902 719 1939 rodunt.
779 1902 922 1938 Passim
951 1903 991 1938 in
1021 1902 1128 1938 aedes
1157 1903 1286 1939 irrum-

60 1965 166 2009 punt,
187 1965 225 1997 et
243 1961 409 1997 universi
429 1962 469 1996 in
489 1961 695 2009 principem
721 1962 904 2010 impetum
924 1963 1076 1999 faciunt.
1135 1963 1284 2000 Frustra

58 2021 90 2056 is
121 2021 209 2056 deos
241 2020 392 2056 invocat
420 2021 542 2066 iratos,
573 2022 740 2057 sexcenti
775 2023 875 2057 enim
909 2022 1033 2058 hostes
1067 2035 1113 2058 ex
1143 2024 1285 2060 ossibus

60 2084 182 2116 cutem
227 2079 424 2127 divellunt,
463 2083 501 2116 et
542 2081 700 2116 crudelis
747 2081 836 2117 faeti
882 2081 1086 2117 terribilem
1131 2095 1287 2130 poenam

60 2142 221 2177 sumunt.
