1401 2369
141 88 188 124 86
571 89 923 132 Translations.

378 264 464 303 128.
501 264 584 303 Tlce
606 265 916 304 subterranean
936 266 1132 318 passage.

192 359 310 396 Sinon
340 360 444 397 dives
475 361 528 397 ita
555 361 686 407 factus,
721 362 822 409 quod
854 362 1006 399 domum
1038 363 1085 400 ad
1117 376 1203 401 suos
1237 364 1355 401 redire

138 419 268 464 voluit,
290 423 422 456 nactus
448 421 626 456 idoneum
653 424 801 468 tempus
828 422 876 457 ad
903 423 1168 470 navigandum,
1197 436 1216 460 e
1244 427 1354 472 portu

137 479 258 516 solvit.
316 480 370 516 At
398 493 533 528 paucos
564 484 648 528 post
678 481 758 517 dies
787 486 910 518 coorta
939 486 995 518 est
1023 484 1236 520 saevissima
1264 487 1355 520 tem-

137 543 269 586 pestas,
290 540 397 587 cujus
415 540 595 576 violentia
613 541 731 586 navis,
751 541 798 577 ad
825 542 997 589 scopulos
1024 543 1191 590 appulsa,
1211 544 1355 580 naufra-

136 599 240 646 gium
259 599 356 636 fecit.
415 600 497 636 Hoc
516 601 558 636 in
577 600 658 636 loco
678 604 800 637 aestus
820 614 885 648 per
911 601 1010 637 latus
1028 603 1165 638 montis
1185 615 1355 651 praerup-

137 663 218 694 tum
236 659 341 695 alveo
361 659 460 696 haud
480 660 532 695 ita
551 672 685 707 magno
699 661 865 697 fluminis
880 661 991 697 modo
1003 661 1178 699 volvitur.
1236 662 1355 699 Sinon

137 719 375 766 comites-que
408 719 615 767 complures
648 720 727 756 dies
759 720 800 756 in
832 723 987 768 angusta
1019 734 1110 769 rupe
1142 722 1352 767 manebant,

137 778 237 825 quod
263 778 352 814 hinc
377 779 433 815 vis
459 779 641 815 fluctuum
669 792 729 816 eos
757 780 858 816 abire
885 781 1090 827 prohibuit,
1115 781 1220 817 illinc
1248 793 1354 818 mons

136 838 338 874 altissimus
370 838 475 874 nullo
509 839 619 874 modo
652 839 801 875 ascendi
832 840 963 886 potuit.
1020 840 1184 876 Tandem
1222 840 1352 886 Sinon,

136 901 332 945 postquam
352 911 503 945 parvam
522 902 637 934 ratem
657 911 676 934 e
695 899 862 934 trabibus
881 899 989 935 navis
1007 899 1155 944 fecerat,
1176 900 1256 936 sine
1275 900 1353 936 ullo

137 959 269 994 comite
297 970 335 993 se
363 958 594 994 committere
622 970 732 994 ausus
760 962 815 994 est
842 958 1000 1004 flumini,
1022 960 1124 1006 quod
1146 960 1216 995 sub
1236 960 1354 996 imum

136 1021 301 1053 montem
332 1017 504 1053 volutum
542 1020 604 1054 est.
664 1017 758 1053 Inde
795 1030 860 1065 per
895 1018 975 1054 vias
1012 1018 1174 1054 occultas
1210 1022 1353 1055 summa

136 1078 322 1114 celeritate
340 1080 480 1121 vectus,
502 1077 602 1124 quod
621 1089 690 1112 nec
708 1077 779 1112 iter
797 1077 925 1113 videre
944 1090 1011 1114 nec
1031 1090 1180 1114 cursum
1199 1079 1352 1126 dirigere

136 1141 289 1185 poterat,
305 1136 430 1174 labore
450 1140 486 1172 et
506 1137 673 1173 excubiis
693 1137 870 1183 defessus,
886 1137 990 1185 gravi
1008 1150 1138 1174 somno
1157 1150 1353 1186 oppressus

137 1200 200 1233 est.

532 1323 617 1363 129.
649 1313 785 1351 Home
803 1319 852 1352 at
869 1313 960 1353 last.

189 1411 272 1458 Quo
290 1422 420 1447 somno
441 1409 559 1447 Sinon
578 1422 784 1457 oppressus,
800 1410 892 1446 duos
908 1410 987 1445 dies
1006 1410 1109 1446 omni
1128 1422 1240 1447 sensu
1259 1423 1353 1447 care-

137 1472 224 1517 bat,
263 1471 372 1507 tertio
402 1474 527 1506 tamen
559 1470 629 1515 die,
665 1469 730 1504 ubi
762 1469 929 1505 animum
959 1470 1025 1505 vix
1057 1470 1205 1517 recepit,
1237 1470 1352 1507 solem

137 1531 255 1567 laetus
283 1530 448 1578 aspexit:
478 1530 567 1565 ratis
595 1530 704 1573 enim,
727 1529 817 1564 dum
845 1529 924 1576 ipse
947 1529 1094 1575 dormit,
1116 1530 1187 1565 iter
1214 1531 1353 1577 pericu-

137 1591 256 1627 losum
284 1590 499 1634 confecerat,
521 1592 557 1624 et
576 1589 615 1625 vi
634 1589 799 1624 fluminis
817 1592 924 1624 vecta
953 1589 1000 1625 ad
1029 1589 1210 1637 oppidum
1228 1591 1353 1637 quod-

137 1651 233 1696 dam,
272 1651 312 1685 in
348 1650 426 1696 ripa
462 1649 636 1696 positum,
675 1648 884 1684 advenerat.
953 1648 1102 1684 Deinde
1138 1649 1247 1695 cives
1286 1650 1353 1685 tali

138 1710 312 1746 miraculo
344 1709 505 1754 attoniti,
540 1708 719 1744 Sinonem
755 1707 803 1743 ad
839 1720 962 1755 regem
1003 1720 1113 1744 suum
1150 1708 1348 1745 duxerunt.

138 1771 222 1814 Hie,
244 1772 439 1817 postquam
465 1781 543 1804 rem
571 1780 718 1803 omnem
741 1768 925 1814 cognovit,
947 1768 1047 1815 quod
1067 1771 1172 1804 tanta
1190 1768 1352 1815 pericula

138 1831 335 1878 plusquam
375 1828 538 1864 humana
573 1828 808 1872 videbantur,
848 1827 992 1874 Sinoni,
1031 1828 1183 1863 honoris
1229 1831 1347 1873 causa,

138 1890 292 1938 pallium
311 1899 536 1936 purpureum
556 1898 789 1933 auream-que
809 1899 979 1922 coronam
1002 1887 1082 1922 dari
1106 1887 1228 1934 jussit,
1250 1888 1352 1923 navi-

137 1962 209 1997 que
228 1948 369 1996 egregia
388 1947 550 1982 donavit.
609 1945 704 1981 Inde
723 1944 852 1989 Sinon,
870 1946 1042 1982 secundis
1057 1946 1179 1982 ventis
1199 1946 1352 1982 domum

137 2010 322 2052 advectus,
361 2007 458 2042 inter
493 2005 629 2040 amicos
674 2004 990 2052 propinquos-que
1030 2005 1215 2052 reliquum
1252 2006 1351 2042 vitae

136 2069 297 2117 spatium
317 2064 518 2114 tranquille
536 2064 688 2112 peregit,
704 2075 771 2099 nec
791 2064 869 2100 ullo
888 2064 1052 2111 periculo
1071 2065 1224 2112 posthac
1244 2078 1351 2102 vexa-

135 2135 195 2165 tus
215 2131 278 2164 est.
