1401 2369
146 107 194 144 70
574 105 927 148 Translations.

368 322 561 362 PIECES
590 323 623 361 F
627 322 700 362 ΟΒ
729 323 1134 364 TRANSLATION.

323 439 408 468 101.
448 429 530 468 lee
557 430 798 480 Tmmpeler
815 430 906 469 and
922 429 988 468 tlze
1006 432 1182 480 Hyenas.

191 524 442 560 Inveniuntur
473 525 513 559 in
541 524 668 559 Africa,
699 524 796 559 ferae
828 524 1008 571 plurimae
1036 537 1076 560 ac
1108 525 1353 571 saevissimae,

138 596 232 631 quae
259 587 372 619 noctu
391 586 542 630 vagatae
570 583 683 618 boves
711 586 947 630 armentaque
975 584 1134 630 rapiunt,
1157 585 1355 631 aliquando

138 643 248 679 etiam
284 642 453 677 homines
490 641 716 679 adoriuntur.
799 642 899 678 Olim
937 642 1026 677 dum
1062 642 1237 678 Britanni
1272 655 1355 679 cum

136 702 240 737 Afris
277 701 419 737 bellum
456 704 600 748 gerunt,
640 702 791 737 tubicen
827 702 990 748 quidam,
1030 702 1118 737 vino
1156 705 1192 738 et
1228 715 1356 750 sopore

137 773 343 808 oppressus,
378 763 481 795 extra
513 760 656 796 vallum
688 761 860 796 incautus
892 761 1107 797 dormiebat.
1180 761 1357 798 Celeriter

135 823 182 858 ad
201 822 324 857 locum
343 825 598 857 convenerunt
616 822 822 869 complures
841 822 1018 869 hyaenae,
1039 822 1135 858 fame
1163 823 1209 858 ad
1239 826 1356 858 castra

135 881 328 926 adductae,
357 880 620 928 hominemque
648 893 713 928 pro
741 885 886 917 mortuo
914 882 961 917 ad
988 882 1112 926 silvas,
1134 894 1226 929 quae
1253 881 1355 917 haud

136 941 264 988 procul
300 940 463 987 aberant,
503 944 706 977 traxerunt.
763 941 843 977 Ubi
875 942 954 988 jam
995 941 1107 988 dapes
1143 942 1355 988 incepturae

135 1004 234 1046 sunt,
255 1000 419 1046 tubicen,
441 1000 565 1036 subito
594 1014 613 1035 e
641 1014 770 1036 somno
799 1005 1044 1048 experrectus,
1064 1002 1154 1036 fecit
1181 1002 1233 1045 id,
1253 1002 1353 1047 quod

136 1061 320 1108 optimum
336 1064 412 1096 erat
431 1073 496 1107 pro
512 1064 616 1096 tanto
636 1061 809 1107 periculo,
827 1073 912 1096 nam
931 1061 1033 1096 labra
1048 1061 1159 1096 tubae
1173 1061 1354 1097 adhibens

135 1121 342 1168 clangorem
369 1133 480 1167 quam
508 1121 711 1156 maximum
740 1121 869 1156 edidit.
927 1121 1008 1166 Quo
1036 1122 1195 1167 strepitu
1221 1125 1352 1169 perter-

134 1180 226 1216 ritae
245 1180 411 1226 hyaenae
438 1180 677 1226 diffugerunt,
699 1180 961 1227 hominemque
988 1180 1174 1227 integrum
1203 1181 1354 1227 quidem

140 1240 204 1275 sed
223 1243 360 1275 terrore
379 1239 646 1275 semi-animem
665 1239 904 1286 reliquerunt.

507 1396 592 1425 102.
631 1385 713 1424 lee
733 1386 837 1424 Lost
860 1384 991 1425 Clzz‘ld.

193 1484 242 1519 In
276 1483 405 1519 Africa
441 1483 569 1530 procul
605 1482 652 1518 ab
688 1482 767 1518 ullo
804 1483 941 1530 oppido
978 1483 1165 1519 habitavit
1202 1484 1359 1531 agricola

141 1544 303 1591 quidam,
325 1543 385 1578 cui
404 1545 508 1578 erant
526 1542 699 1577 undecim
719 1541 836 1578 liberi.
893 1541 952 1577 Ex
980 1541 1039 1578 his
1064 1543 1247 1578 maximus
1266 1546 1358 1578 natu

142 1615 229 1639 oves
253 1603 294 1637 in
320 1602 512 1637 montibus
540 1601 782 1646 custodiebat,
804 1602 914 1636 ceteri
942 1604 1066 1637 tamen
1093 1602 1210 1637 labori
1237 1602 1357 1638 adhuc

141 1662 293 1699 inutiles
311 1664 431 1696 totum
452 1661 550 1696 diem
573 1661 614 1696 in
642 1661 737 1707 agris
764 1661 953 1696 ludebant.
1009 1661 1224 1708 Aliquando
1251 1662 1358 1697 mini-

142 1734 236 1766 mus,
256 1733 347 1768 puer
365 1724 541 1767 quattuor
559 1732 675 1755 annos
694 1724 815 1765 natus,
837 1720 998 1756 inveniri
1016 1733 1091 1756 non
1115 1724 1270 1767 poterat,
1289 1733 1357 1756 nec

141 1785 225 1829 post
261 1784 428 1827 quartam
466 1779 541 1814 diei
581 1779 709 1814 horam
745 1791 767 1814 a
802 1780 978 1815 fratribus
1015 1784 1231 1827 conspectus
1267 1784 1353 1817 erat.

141 1842 341 1888 Postquam
361 1852 445 1875 eum
465 1839 603 1885 ubique
623 1839 886 1885 quaesiverunt
909 1843 945 1874 et
973 1852 1038 1886 per
1055 1840 1162 1875 aedes
1190 1842 1226 1874 et
1253 1852 1356 1886 agros

140 1901 331 1944 finitimos,
358 1899 509 1934 tandem
536 1902 705 1945 parentes
732 1899 913 1933 auxilium
932 1898 978 1934 ab
997 1898 1130 1934 vicinis
1157 1899 1355 1946 amicisque

140 1960 336 2008 petierunt.
396 1958 483 1994 Una
502 1970 586 1993 cum
605 1957 664 1992 his
684 1957 807 2002 silvas,
829 1958 988 1993 ferarum
1014 1957 1173 1993 latebras
1193 1958 1355 2006 explora-

139 2023 283 2056 verunt.
344 2018 469 2054 Vicini
497 2017 648 2064 quidem
675 2017 744 2053 sub
764 2029 969 2064 vesperum,
990 2029 1086 2053 vano
1113 2017 1237 2054 labore
1255 2018 1352 2062 fessi,

140 2079 291 2115 domum
323 2078 582 2122 discesserunt,
617 2079 655 2111 at
687 2079 857 2122 parentes
884 2076 1018 2121 miseri,
1048 2076 1207 2112 ferarum
1234 2077 1352 2121 obliti,

139 2142 255 2175 totam
274 2150 338 2185 per
357 2140 503 2172 noctem
522 2136 563 2170 in
582 2134 687 2170 silvis
706 2135 915 2170 manebant.
