1401 2369
140 107 187 143 22
568 107 919 150 Translations.

482 281 543 320 26.
582 281 664 321 Tlce
684 281 855 321 stffz'ser's
878 282 1014 323 Slmes.

189 376 323 422 Senex,
361 378 513 413 nomine
549 378 709 421 Abulus,
749 378 853 414 dives
894 379 959 414 sed.
1004 391 1136 415 avarus
1180 382 1353 427 antiquas

135 437 388 484 sordidas-que
415 443 536 473 vestes
568 438 725 484 gerebat.
785 438 923 474 Omnes
952 439 1050 474 cives
1082 439 1353 486 cognoscebant:

135 508 319 543 pannosos
356 497 456 532 avari
492 497 640 533 calceos.
712 497 813 533 Olim
854 510 967 533 senex
1003 498 1152 533 lavabat
1188 498 1353 533 membra

135 555 233 602 apud
261 555 428 602 publicas
456 556 626 592 thermas.
682 556 794 592 Forte
821 557 880 592 vir
907 558 1055 603 jocosus
1086 557 1210 593 locum
1241 558 1353 593 intra-

135 618 247 651 verat.
304 615 384 651 Ubi
417 615 520 651 videt
553 616 775 651 vestimenta
810 616 940 660 Abuli,
978 617 1058 652 sine
1094 629 1195 652 mora
1231 620 1352 653 mutat

135 674 274 710 calceos
301 675 399 710 senis
425 675 628 711 avaricum
656 676 851 722 purpureis
870 676 978 711 soleis
1007 677 1176 712 consulis.
1235 677 1352 725 (Nam

135 734 265 770 consul
293 734 434 769 ibidem
462 735 555 770 forte
583 748 621 770 se
649 734 826 783 lavabat).
884 736 974 771 Mox
1002 736 1149 772 Abulus
1181 749 1228 772 ex
1257 739 1352 783 aqua

135 795 296 841 emergit.
368 794 528 829 Nescius
569 795 721 841 fraudis,
762 795 820 830 dis
858 796 934 841 agit
973 796 1108 842 gratias
1146 808 1211 843 pro
1246 799 1351 831 tanto

135 855 323 898 miraculo,
342 858 378 890 et
398 867 481 889 cum
501 855 695 902 purpureis
714 854 823 890 soleis
843 855 1008 891 discedit.
1066 855 1120 890 At
1138 855 1204 890 ubi
1223 855 1353 890 consul

135 915 250 950 sentit
282 914 423 949 furtum
461 917 496 949 et
533 915 721 960 cognoscit
753 914 892 949 calceos
924 914 1054 958 Abuli‚
1090 915 1154 950 vix
1186 915 1353 950 continet

135 974 235 1010 iram.
293 973 468 1020 Denique
487 974 629 1009 invitus
648 974 774 1009 foedos
793 974 932 1010 calceos
950 974 1086 1010 induit.

344 1148 405 1189 27.
444 1139 527 1178 lee
545 1137 717 1178 Miser's
739 1138 867 1178 Sleoes
888 1139 1147 1191 (continued).

189 1234 373 1271 Postridie
393 1234 538 1270 lictores
554 1235 709 1270 trahunt
724 1235 891 1270 Abulum
911 1234 1010 1281 apud
1026 1233 1223 1279 consulem,
1242 1237 1354 1281 atque

135 1295 325 1331 hominem
370 1295 462 1330 furti
498 1298 679 1330 accusant.
737 1294 880 1329 Infelix
917 1294 1066 1330 Abulus
1103 1294 1231 1330 multis
1268 1307 1352 1330 cum

135 1354 295 1390 lacrimis
314 1354 461 1403 veniam
481 1354 729 1400 imprudentis
756 1353 846 1389 facti
874 1357 963 1398 orat,
985 1357 1022 1388 at
1049 1353 1196 1389 frustra.
1253 1353 1353 1389 Nam

135 1413 264 1450 consul
291 1415 418 1460 asperi—³,
445 1426 545 1457 voce,
569 1413 771 1459 “Deliga‚”
799 1413 934 1460 inquit,
967 1413 1120 1457 “lictor,
1150 1413 1197 1448 ad
1226 1413 1353 1460 palum

135 1473 274 1509 malum
307 1473 449 1518 furem3
481 1473 633 1508 verbera
665 1476 808 1519 tergum
840 1473 959 1508 saevis
986 1472 1134 1519 virgis.''
1187 1472 1353 1508 Lictores

135 1534 236 1569 haud
262 1533 375 1568 inviti
403 1536 555 1568 sumunt
583 1545 750 1579 poenam,
771 1532 995 1579 calceos-que
1023 1532 1149 1568 Abulo
1177 1532 1350 1568 reddunt.

135 1593 283 1628 Abulus
312 1593 378 1628 vix
405 1592 521 1627 trahit
554 1593 728 1627 miserum
756 1604 887 1639 corpus
915 1592 960 1627 ad
988 1592 1127 1627 flumen
1161 1591 1353 1640 (magnum

134 1653 274 1688 flumen
300 1664 376 1687 non
404 1651 532 1698 procul
559 1651 710 1698 aberat).
768 1651 862 1686 Tum
891 1650 1083 1696 exclamat,
1114 1651 1353 1698 “Nunquam

135 1714 270 1749 iterum
301 1711 469 1747 infelices
501 1706 613 1746 calcei
645 1710 837 1746 dominum
874 1710 1069 1758 perdetis.''
1124 1710 1218 1747 Inde
1248 1723 1354 1759 aquae

136 1772 276 1809 calceos
295 1772 504 1809 committit.

508 1941 569 1979 28.
609 1939 692 1978 Tlce
710 1939 873 1990 Daz'nty
893 1939 988 1990 Boy.

190 2038 383 2086 Augustus
414 2049 506 2084 puer
533 2039 610 2072 erat
637 2036 786 2083 pinguis
814 2039 852 2072 et
878 2036 1045 2081 nitidus3
1072 2038 1242 2083 parentes
1269 2048 1353 2073 cum

137 2099 275 2146 gaudio
320 2099 497 2134 videbant
543 2109 664 2132 roseas
717 2098 829 2144 genas
883 2097 997 2145 pueri.
1079 2097 1179 2133 Huic
1223 2097 1351 2133 nutrix

134 2160 339 2207 jucundam
368 2171 494 2195 cenam
522 2162 714 2205 paraverat
726 2171 737 2203 3
766 2162 877 2205 caput
897 2170 1006 2194 cenae
1025 2162 1104 2194 erat
1118 2158 1181 2205 jus
1199 2157 1349 2194 bonum.
